1223 1750
256 786 705 817 Sollſt du dir ew'ge Ruh' erwerben,
323 1288 805 1318 Wo du an Gräbern ſtehſt und klagſt!
308 701 696 731 Nicht ſinken deine Lebensſonne,
503 543 628 575 Sterben.
322 1245 830 1272 Die Stunde kommt, die Stunde kommt.
341 345 880 374 Die weinend Andern Roſen ſtreut.
307 830 784 860 So ſtirbt zuvor dein ſchönſter Traum
258 599 757 646 (g darf im ſüßen Traum der Wonne,
244 916 799 947 Und dann erſt ſtirbt der Blüthenbaum.
309 744 738 774 Nicht löſchen aus dein Lebenslicht.
271 1501 706 1531 Und wer dir ſeine Bruſt erſchließt,
272 1330 684 1361 Und ſorge, daß dein Herze glüht
341 302 802 333 Zum Heiligthum der ſchönſten Liebe,
322 1373 734 1403 Und Liebe hegt und Liebe trägt,
480 151 651 173 - 15 —
321 1414 869 1449 So lang' ihm noch ein ander Herz
322 1201 765 1233 O lieb', ſo lang' du lieben magſt!
320 1458 720 1489 Jn Liebe warm entgegenſchlägt!
425 1087 696 1118 Der Liebe Dauer.
714 956 888 977 Emil Reltershaus.
741 388 883 409 Heinrich Uhle.
342 260 729 289 Und deine Seele wird geweiht
272 1143 738 1191 G teb', ſo lang' du lieben kannſt!
321 1542 804 1576 O thu' ihm, was du kannſt, zu lieb!
308 872 784 903 Erſt muß des Baumes Blüthe ſterben
342 217 769 246 Es läutern ſanft ſich deine Triebe
309 659 794 689 Wenn dir den Kranz die Freude flicht,
