1223 1750
285 610 779 641 ſchöner muß der Todte dich begleiten,
364 1413 842 1444 So wirſt du, und biſt du ein Todter,
312 1157 347 1181 So
279 525 848 557 Jn Luft und Schatten ſpürſt du ſeine Nähe,
278 397 1035 428 Jm Wald, am Meer, auf Steigen längſt gemieden.
362 1455 664 1485 Ein ewig Lebender ſein.
313 974 598 1024 Begrabe deine Todten
279 355 809 385 Daß ernſt und ſtill es ſich mit dir ergehe
774 1496 889 1513 Carl Siebel.
278 652 922 684 Um's Haupt der Schmerzverklärung lichten Schein,
226 611 265 638 Ja,
310 1327 626 1358 Begrab' dein eigen Leben
226 738 867 770 Das Herz hat auch ſein Oſtern. wo der Stein
278 568 877 598 Und aus den Thränen blüht ein tiefer Frieden.
363 1243 644 1273 Als gute, lichte Engel
366 1158 632 1188 werden ſie im Herzen
363 1029 692 1060 Tief in dein Herz hinein;
279 309 839 341 So trag' hinaus zur Cinſamkeit dein Wehe,
747 866 906 883 Emanurl Gerdel.
487 132 657 155 — 17 —
362 1284 715 1316 Mit dir durch's Leben gehn.
366 1072 839 1101 So werden ſie dein Leben
401 928 746 964 Begrabe deine Todten.
363 1113 622 1145 Lebend'ge Todte ſein.
277 782 978 812 Vom Grabe ſpringt, dem wir den Staub nur weihten;
274 825 783 855 Und was du ewig liebſt, iſt ewig dein.
227 439 808 470 Da fühlſt du bald, daß Jener, der geſchieden.
230 250 823 302 n Einer ſtarb, den du geliebt hienieden,
361 1371 667 1401 Jn Andrer Herz hinein;
364 1200 660 1230 Stets wieder auferſtehn,
278 696 878 727 Und treuer — denn du haſt ihn alle Zeiten.
474 205 675 241 Auferſtehung.
279 482 708 513 Lebendig dir im Herzen auferſtehe,
