1223 1750
732 622 788 638 Crnſt.
265 1138 919 1171 Doch Schön'res find' ich nicht, wie lang' ich wähle,
398 582 693 611 Die mich dichten lehrte.
398 410 754 441 Jhr äſthet'ſchen Richter.
264 1098 821 1127 Denn nichts beſchränkt die freie Dichterkraft;
398 367 789 398 Gebt die Kette ihm von Gold,
213 780 856 831 Jli halt kein Band, mich feſſelt keine Schrante.
399 496 633 525 Dieſe liebverklärte;
262 884 770 914 Mein unermeßlich Reich iſt der Gedanke
523 727 626 762 Poeſie.
870 1223 944 1241 chiller.
354 1482 692 1512 Wie eine ſtille Waldkapelle
267 1182 859 1213 Als in der ſchönen Form — die ſchöne Seele.
399 326 701 356 Gebt ihn jedem Dichter,
419 1326 725 1362 Die Herzenskapelle.
488 139 659 161 — 31 —
302 1380 718 1431 Jm Herzen hea' ich eine Stelle,
264 1055 814 1085 Muß mir entſchleiert und entſiegelt werden,
352 1440 776 1472 Die iſt ſo friedlich und geweiht,
263 928 821 958 Und mein geflügelt Werkzeug iſt das Wort.
263 970 841 1000 Was ſich bewegt im Himmel und auf Erden,
348 454 665 482 Gebt die volle Roſe mir.
349 265 790 312 Geht den Lorbeer, wem ihr wollt,
264 1012 808 1043 Was die Natur tief im Verborgnen ſchafft,
352 1525 696 1556 Jn grüner Abgeſchiedenheit.
263 840 842 872 Frei ſchwing' ich mich durch alle Räume fort.
433 211 712 246 Lorbeer und Roſe.
399 539 721 566 Liebe war die Muſe mir,
