1223 1750
376 628 711 659 Ein Heimweh zuckt' empor
375 1010 726 1041 Von dannen meine Jugend.
324 543 673 574 Wie ſeltſam traf's das Ohr
324 373 710 406 Jch ſang's vor manchem Jahr,
375 967 708 999 Mir war's, als führe drin
375 333 799 362 Jch ſang es einſt vom Wandern:
375 672 731 701 Jn meines Herzens Grunde.
374 460 677 490 Da ich gleich jenen war
343 1482 785 1513 Gehorchen dienſtbar mir die Geiſter
376 756 702 784 Zerfloß im Windesweben;
375 586 769 617 Mir jetzt aus fremdem Munde!
292 1396 746 1428 So lang' ich meiner Sinne Meiſter,
342 1313 828 1343 Wohl auch das rechte Wort zu finden,
766 1042 929 1060 Emanuel Geibel.
375 289 722 320 Da war's mein eigen Lied;
265 1158 865 1198 Wohl weiß ich einen Kranz zu winden.
481 139 647 162 — 41 —
344 1438 801 1470 So lang' ich weiß. was mir gefällt,
292 1210 816 1258 Moyt weiß ich einen Kranz zu winden
375 926 772 956 Still ſaß ich, rückwärts lugend;
342 1270 837 1301 Aus Blumen, die ich einſt gepflückt —
378 796 760 828 Doch ſah ich drauf noch lang'
375 840 797 871 Das Schifflein glänzend ſchweben.
376 418 727 447 Berauſcht vom Maienſcheine,
375 248 748 278 Das Singen ich der Andern:
343 1525 739 1552 Der Blumen und der Feenwelt.
325 884 636 914 Es zog dahin, dahin —
343 1355 743 1385 Ob ich betrübt bin, ob beglückt.
307 712 672 746 Jch lauſchte, bis der Klang
327 205 708 236 Und horch — nun unterſchied
375 502 759 533 Student zu Bonn am Rheine.
