1215 1763
345 720 871 751 Euch, denen glühend noch die Purpurroſe
331 1210 848 1242 O du ſchöne Welt, wie biſt du ſo weit!
763 452 974 474 Jerdinand Freiligrath.
440 369 875 399 Der Kindheit Luſt und Freude —
282 1150 747 1205 Foch iſ die vlhende goldene Zeit,
440 326 734 356 Der ſtillzufriedne Sinn.
343 761 951 793 Jm duft'gen Kranz die blüh'nden Locken ſtreift;
547 568 747 605 Der Jugend.
346 848 841 879 Jedwede Blüthe ſeht zur Frucht gereift,
343 678 850 708 Mit Jugendübermuth ihr lachend greift;
336 1518 948 1549 Und frei iſt der Burſch, der die Welt durchzieht,
403 1425 796 1456 Noch ſind die Tage der Roſen!
332 1253 1033 1286 Und ſo weit iſt mein Herz, und ſo blau wie der Tag,
439 284 757 313 Die theuren Eltern beide,
334 1297 897 1328 Wie die Lüfte, durchjubelt von Lerchenſchlag!
563 131 729 154 — 56 —
333 1340 961 1371 Jhr Fröhlichen, ſingt, weil das Leben noch mait:
391 1101 927 1138 Noch iſt die blühende goldene Zeit.
334 1383 815 1414 Noch iſt die ſchöne, die blühende Zeit,
347 892 1000 922 Euch, die ihr ſelbſt noch ringt, will ich ſie bringen,
345 934 907 966 Die Lieder, denn nur ihr verſteht zu ſingen.
442 411 688 441 Alles dahin, dahin!
439 239 765 271 Das gläub'ge Aug' dafür.
879 975 1023 996 Otto oquette.
284 1476 794 1508 Frei iſt das Herz, und frei iſt das Lied,
346 805 910 839 Euch, die ihr noch in ſel'gen Wahns Gekoſe
439 198 756 227 Der Bilderbibel Prangen,
292 617 750 667 Hi in der Lebensurne bunte Looſe
