1215 1763
308 655 786 686 Wie ſorgſam würd' ich das entfernen,
310 1058 776 1093 Wird heute erſt mir werth und lieb,
308 569 792 601 Wie treulich wollt' ich mit dir ziehen,
307 387 730 417 Und mich mit ächter Frauenmilde
306 1015 704 1045 Fürwahr, der Gottes-Liederſegen
306 344 778 373 Mich vor dem innern Feind bewahrt,
306 699 763 729 Was dich gedrückt auf trüber Bahn,
255 484 759 515 Daß mir ein Gott die Macht verliehen,
361 1497 764 1526 Es ſei für jedes Menſchenweſen,
305 785 712 814 Auf Ruhmesflügeln hoch hinan!
306 612 733 643 Dir meine ganze Jugend weih'n;
365 1412 727 1443 Wozu die Sterne angezündet
312 1309 795 1360 Jlen Mütterlein hat mir verkündet,
309 1102 752 1131 Weil er auf meiner Mutter Wegen
308 301 782 331 So haſt du auch mit ſtarkem Schilde
307 1144 769 1174 Ein Frühlingsblatt im Herbſte trieb.
482 149 740 172 — 61 —
358 1455 777 1484 Am dunklen Himmelsbogen ſind:
738 1180 907 1202 Lranz Dingelſtedt.
309 972 737 1003 Auf deine Hand ein friſcher Kuß!
350 1265 783 1300 Heimath des Mutterherzens.
306 844 744 872 Statt deſſen nimm mit alter Güte
305 887 686 916 Zu deinem Feſte dieſen Gruß,
307 429 754 459 Geführt auf mancher wilden Fahrt.
310 258 737 289 Des Todes Schreckenshauch gefegt,
358 1539 789 1570 Das wir bei uns verweilen ſah'n,
304 928 711 960 Als wär' er eine friſche Blüthe,
357 1369 788 1399 Als einſtens ich gefragt als Kind,
308 740 791 771 Wie tüg' ich dich zu ewgen Sternen
308 215 789 246 Wenn kalt durch ſeinen Lebensmorgen
307 527 775 558 Nur dir als Schutzgeiſt nah zu ſein!
