1215 1763
478 647 919 678 Doch ihm blühen ſelbſt am Grabe
445 1488 905 1520 Wird nimmer kalt und fühllos ſein.
390 1018 934 1052 er Strom, ſonſt reich an vollen Wogen,
424 561 842 592 Kraftlos ſchleicht der müde Greis
476 373 920 405 Das Allmächt'ge, was zertrümmert,
874 1530 1037 1551 Jnlius Hammer.
474 330 909 362 Nur im Schweiß das Heil'ge feſt:
478 690 932 720 Blümlein blau und roth und weiß,
481 459 898 488 Sieht es kommen, aber wimmert
442 1403 916 1434 Die Well' als Welle friert nicht ein;
476 776 982 806 Nimmt die Hoffnung wieder ein,
477 604 856 634 Zitternd hin am Wanderſtabe,
443 1319 846 1349 Die warnend mir entgegenſtarrt.
443 1231 931 1264 So glatt, doch kalt und herzlos ward,
443 1060 869 1092 Floß träg dahin, um auszuruh'n,
473 288 917 320 Hält, umringt von tauſend Götzen,
441 1105 869 1136 Da kam der ſtrenge Froſt gezogen
578 136 746 160 — 64 —
392 1361 942 1393 Erſtarren kann nur, was verflacht iſt,
442 1148 926 1178 Und ſchlägt ihn leicht in Feſſeln nun.
861 901 995 919 E. M. Arndt.
392 1189 894 1221 Wie Mancher, der durch träge Schwäche
476 818 877 849 Und mit goldnen Flügelſäumen
476 860 906 891 Kommt ſie hell wie Morgenſchein.
477 416 933 447 Chrt er wie den Schwur des Styx,
474 245 922 277 Daß ſich Fremde d'rein nicht ſetzen,
444 1447 900 1478 Wer ſich zu rühren ſtets bedacht iſt,
574 964 758 995 Der Strom.
443 1275 932 1307 Wie Mancher gleicht der todten Fläche,
479 732 895 763 Geiſtern trauet er und Träumen,
476 202 887 234 Kämpft für ſeines Herzens Neſt,
478 502 870 532 Nicht um Gnade des Geſchicks.
