1215 1763
300 768 792 799 Da du der Welt nicht kannſt entſagen,
304 1153 672 1183 Die tiefer als die Hölle ſind.
248 665 698 713 Jas fol dies kindiſche Verzagen,
316 407 779 437 Und einen Trunk der friſchen Welle,
304 1111 682 1141 Abgründe liegen im Gemüthe.
317 364 760 394 Des Lichts, das ewig lauter bleibt,
304 809 657 840 Erob're dir ſie mit Gewalt!
760 492 831 514 platen.
762 1537 830 1558 Platen.
304 897 710 927 Es triebe Sehnſucht dich zurück;
301 725 712 755 Dies eitle Wünſchen ohne Halt?
308 1451 784 1483 So ſchwinde wechſelnd dir das Leben,
254 1367 789 1397 Und wie der Mond im leichten Schweben,
253 1196 725 1227 Du ſiehſt ſie, doch du fliehſt vorüber,
267 321 708 351 Und nichts genießen, als die Helle
304 1239 712 1270 Jm glücklichen, im ernſten Lauf,
457 160 626 184 — 67 —
307 1495 666 1524 Bis es in Wellen untergeht.
303 1282 742 1312 Dem frohen Tage folgt ein trüber,
305 1067 707 1103 Unwiderruflich wächſt das Kind,
304 1325 725 1355 Doch Alles wiegt zuletzt ſich auf.
304 940 789 970 Denn ach, die Menſchen lieben lernen,
305 981 714 1013 Es iſt das einz'ge wahre Glück!
316 450 783 480 Der nie das Blut geſchwinder treibt.
317 277 806 309 Wie Schnitter mäh'n das duft'ge Heu,
255 1025 654 1055 Unwiderruflich dorrt die Blüthe,
306 1410 778 1439 Bald rein und bald in Wolken ſteht,
253 853 712 884 Und konnteſt du dich auch entfernen,
318 236 777 266 Die Winzerinnen Trauben ſchneiden,
268 599 798 640 Was ſoll dies kindiſche Verzagen.
