1215 1763
302 566 836 596 Und was mich Erſtaunten mehr erſtaunte,
289 1456 545 1486 Die wallten ſo ſacht
508 1019 591 1048 Reue.
304 480 770 510 Kräuſelt alle Wellen auf dem Fluſſe,
304 309 792 339 Daß du ſo geſchwind und ſo natürlich
289 1498 649 1529 Jn der Nacht, in der Nacht,
302 906 809 937 Wie ein Felſen ſtill und feſt geblieben?
305 267 769 297 Hat in ſeine Schule dich genommen,
294 1541 674 1573 Doch wallte nicht eine zurücke.
303 608 864 639 Fängt das Mädchen an den Fuß zu rühren,
294 395 700 425 ich noch ſo rede, ſieh, da rühret
288 1371 697 1401 Jch lehnte mich über die Brücke,
304 693 742 725 Wo ich mit dem loſen Lehrer ſitze.
301 520 895 554 Füllt den Schleier des vollkommnen Mädchens,
288 1286 763 1316 Das Thor mit dem gothiſchen Bogen.
288 1200 531 1231 Durchwandelte ſacht
847 949 915 970 Goethe.
239 735 275 759 Da
239 1054 878 1103 lie raft ich mich auf in der Nacht, in der Nacht,
465 157 634 180 — 81 —
237 1327 810 1358 Der Mühlbach rauſchte durch felſigen Schacht,
289 1115 693 1145 Und fühlte mich fürder gezogen,
303 863 867 894 Glaubt ihr wohl, ich ſei auf meinem Felſen
287 1157 869 1189 Die Gaſſen verließ ich, vom Wächter bewacht,
293 736 675 766 nun Alles, Alles ſich bewegte,
302 778 879 809 Bäume, Fluß und Blumen undder Schleier,
305 352 807 383 Alles klug beginnſt und gut vollendeſt?
240 395 277 418 Da
287 1413 874 1444 Tief unter mir nahm ich der Wogen in Acht,
303 820 785 851 Und der zarte Fuß der Allerſchönſten:
288 1243 648 1273 Jn der Nacht, in der Nacht,
304 650 808 681 Geht zu kommen, nähert ſich dem Orte,
241 223 764 254 O du Knabe! rief ich, welch' ein Meiſter
305 438 851 468 Sich ein Windchen und bewegt die Gipfel,
