1215 1763
343 670 858 700 Er mochte ſich bei uns, im ſichern Port,
344 1082 830 1113 Geheimnißvoll und klar entgegen kam.
288 585 833 616 Denn er war unſer! Mag das ſtolze Wort
340 390 893 420 Bald raſchgewandt, geiſtreich und ſicherſtellig
343 1039 953 1072 Das dem gleich ew'gen, gleich lebend'gen Sinne
340 347 779 377 Zur Wechſelrede heiter ſich geneigt,
342 713 955 744 Nach wildem Sturm zum Dauernden gewohnen.
340 475 936 505 Und fruchtbar ſich in Rath und That ergoſſen:
345 1495 926 1527 Jm niedrig Schrecklichſten, im höchſten Guten
341 796 892 828 Jn's Ewige des Wahren, Guten, Schönen.
341 628 863 658 Den lauten Schmerz gewaltig übertönen!
344 1411 840 1442 Der Erdbeherrſcher wilde Heeresgluthen,
292 1326 913 1356 Jhm ſchwollen der Geſchichte Fluth auf Fluthen,
343 1125 892 1156 Dort, ſich und uns zu köſtlichem Gewinne,
340 304 941 340 Wie bald ſein Ernſt, anſchließend, wohlgefällig,
345 1168 813 1199 Verwechſelt er die Zeiten wunderſam,
562 153 729 176 — 92 —
326 1453 868 1484 Die in der Welt ſich grimmig ausgetobt,
343 1211 838 1242 Begegnet ſo, im Würdigſten beſchäftigt,
342 998 899 1029 Von wannen er der Sterne Wort vernahm,
343 1253 962 1284 Der Dämmerung, der Nacht, die uns entkräftigt.
342 841 852 871 Und hinter ihm, in weſenloſem Scheine,
344 882 879 913 Lag, was uns alle bändigt, das Gemeine.
341 432 812 462 Der Lebensplane tiefen Sinn erzeugt
340 262 849 292 Den hohen Mann der gute Tag gezeigt,
345 1537 908 1568 Nach ihrem Weſen deutlich durchgeprobt. —
291 955 852 986 Nun ſchmückt er ſich die ſchöne Gartenzinne,
345 1369 827 1399 Verſpülend, was getadelt, was gelobt,
341 756 838 786 Jndeſſen ſchritt ſein Geiſt gewaltig fort
288 219 815 250 Denn er war unſer! Wie bequem geſellig
341 518 832 548 Das haben wir erfahren und genoſſen.
