1215 1763
446 668 815 698 Dem ſoll, wer trauert, nahn.
444 1518 849 1547 Des Feinds Gewalt und Spott.
395 1051 737 1081 Es iſt der fromme Sänger,
448 583 771 613 Beſchattet, auf dem Plan,
445 369 860 402 Und ſchmerzlich fühl' ich brennen
445 1009 830 1039 Den Tod hat durch ein Wort.
446 328 768 359 Da ihn der Tod geraubt;
395 711 753 741 Dort in der Linden Schauer
482 483 744 511 Drittes Grab.
448 1434 752 1464 Er ruht' indeß in Gott,
445 796 815 826 Die Jnſchrift, daß die Trauer
446 626 815 656 Jſt noch ein Grab zu finden.
445 1349 879 1379 Geknickt ward Deutſchlands Macht.
443 1264 823 1294 Der auch die Hermannsſchlacht
445 1093 812 1124 Der ſang des Heilands Sieg,
393 285 889 316 Jetzt kann ich Keinen nennen,
443 1136 788 1167 Zu dem er, ein Empſänger
560 133 745 157 — 104 —
393 1392 711 1422 Jch hoffe, daß in Frieden
443 1178 808 1210 Der Palm', im Tod entſtieg.
447 966 756 997 Ein Sänger, der beſieget
396 1221 687 1252 Es iſt derſelbe Sänger,
444 839 752 868 Jhm mag gelindert ſein.
392 881 697 911 Mit ſeiner Gattin lieget
446 412 830 445 Die Spalt' in meinem Haupt.
449 242 927 273 Doch fiel auch er nun ſchon.
429 1477 794 1507 Nicht ſah bei uns hienieden
444 924 736 953 Und ihrem Sohne dort
444 1306 834 1338 Sang, eh' vom neuen Dränger
449 753 750 782 Soll leſen er am Stein
450 198 827 230 Der könnte wohl euch nützen;
393 540 711 569 Zu Ottenſen, von Linden
