<?xml version="1.0" encoding="UTF-8" standalone="no"?><PcGts xmlns="http://schema.primaresearch.org/PAGE/gts/pagecontent/2017-07-15" xmlns:xsi="http://www.w3.org/2001/XMLSchema-instance" xsi:schemaLocation="http://schema.primaresearch.org/PAGE/gts/pagecontent/2017-07-15 http://schema.primaresearch.org/PAGE/gts/pagecontent/2017-07-15/pagecontent.xsd"><Metadata><Creator>User123</Creator><Created>2018-10-23T11:14:52</Created><LastChange>2018-12-13T09:20:32</LastChange></Metadata><Page imageFilename="0122.png" imageHeight="1763" imageWidth="1215"><TextRegion id="r0" type="paragraph"><Coords points="1,1 1213,1 1213,1761 1,1761"/><TextLine id="r0_012"><Coords points="391,669 879,669 879,700 391,700"/><TextEquiv index="1"><Unicode>Wie ein Pilger in des Vaters Hallen,</Unicode></TextEquiv></TextLine><TextLine id="r0_021"><Coords points="390,1078 757,1078 757,1103 390,1103"/><TextEquiv index="1"><Unicode>Wie die Crnten in Arkadien.</Unicode></TextEquiv></TextLine><TextLine id="r0_010"><Coords points="393,583 905,583 905,615 393,615"/><TextEquiv index="1"><Unicode>Ach! da ſtürzt' ich mit den Weſen allen</Unicode></TextEquiv></TextLine><TextLine id="r0_006"><Coords points="342,413 852,413 852,443 342,443"/><TextEquiv index="1"><Unicode>Oſt verlor ich da mit trunknen Thränen</Unicode></TextEquiv></TextLine><TextLine id="r0_020"><Coords points="391,1035 804,1035 804,1066 391,1066"/><TextEquiv index="1"><Unicode>Sich der Liebe königliche Früchte,</Unicode></TextEquiv></TextLine><TextLine id="r0_005"><Coords points="394,345 837,345 837,376 394,376"/><TextEquiv index="1"><Unicode>Da erſchienſt du, Seele der Natur!</Unicode></TextEquiv></TextLine><TextLine id="r0_013"><Coords points="390,713 836,713 836,742 390,742"/><TextEquiv index="1"><Unicode>Jn die Arme der Unendlichkeit. —</Unicode></TextEquiv></TextLine><TextLine id="r0_008"><Coords points="391,498 830,498 830,528 391,528"/><TextEquiv index="1"><Unicode>Jn den Ocean die Ströme ſehnen,</Unicode></TextEquiv></TextLine><TextLine id="r0_030"><Coords points="340,1495 781,1495 781,1527 340,1527"/><TextEquiv index="1"><Unicode>Ewig muß die liebſte Liebe darben,</Unicode></TextEquiv></TextLine><TextLine id="r0_015"><Coords points="390,823 876,823 876,854 390,854"/><TextEquiv index="1"><Unicode>Jhr verbargt des Lebens Armuth mir,</Unicode></TextEquiv></TextLine><TextLine id="r0_011"><Coords points="392,626 860,626 860,657 392,657"/><TextEquiv index="1"><Unicode>Freudig aus der Einſamkeit der Zeit,</Unicode></TextEquiv></TextLine><TextLine id="r0_028"><Coords points="389,1393 852,1393 852,1425 389,1425"/><TextEquiv index="1"><Unicode>Aber hin iſt meines Lebens Morgen,</Unicode></TextEquiv></TextLine><TextLine id="r0_026"><Coords points="390,1307 940,1307 940,1339 390,1339"/><TextEquiv index="1"><Unicode>Ach! es ſingt der Frühling meinen Sorgen</Unicode></TextEquiv></TextLine><TextLine id="r0_022"><Coords points="265,1137 846,1137 846,1168 265,1168"/><TextEquiv index="1"><Unicode>Todt iſt nun, die mich erzog und ſtillte,</Unicode></TextEquiv></TextLine><TextLine id="r0_004"><Coords points="393,303 959,303 959,333 393,333"/><TextEquiv index="1"><Unicode>Und des Himmels Flammen mich umflogen:</Unicode></TextEquiv></TextLine><TextLine id="r0_023"><Coords points="389,1180 827,1180 827,1211 389,1211"/><TextEquiv index="1"><Unicode>Todt iſt nun die jugendliche Welt,</Unicode></TextEquiv></TextLine><TextLine id="r0_001"><Coords points="557,153 740,153 740,175 557,175"/><TextEquiv index="1"><Unicode>— 114 —</Unicode></TextEquiv></TextLine><TextLine id="r0_029"><Coords points="389,1436 868,1436 868,1467 389,1467"/><TextEquiv index="1"><Unicode>Meines Herzens Frühling iſt verblüht.</Unicode></TextEquiv></TextLine><TextLine id="r0_024"><Coords points="389,1222 905,1222 905,1253 389,1253"/><TextEquiv index="1"><Unicode>Dieſe Bruſt, die einſt ein Himmel füllte,</Unicode></TextEquiv></TextLine><TextLine id="r0_019"><Coords points="390,991 838,991 838,1024 390,1024"/><TextEquiv index="1"><Unicode>Ohne Müh' und Zwang entfalteten</Unicode></TextEquiv></TextLine><TextLine id="r0_025"><Coords points="389,1265 887,1265 887,1296 389,1296"/><TextEquiv index="1"><Unicode>Todt und dürftig. wie ein Stoppelfeld;</Unicode></TextEquiv></TextLine><TextLine id="r0_016"><Coords points="390,865 839,865 839,896 390,896"/><TextEquiv index="1"><Unicode>Jhr erzogt des Herzens gute Keime,</Unicode></TextEquiv></TextLine><TextLine id="r0_017"><Coords points="391,908 821,908 821,938 391,938"/><TextEquiv index="1"><Unicode>Was ich nie erringe, ſchenktet ihr!</Unicode></TextEquiv></TextLine><TextLine id="r0_007"><Coords points="393,456 851,456 851,486 393,486"/><TextEquiv index="1"><Unicode>Liebend, wie nach langer Jrre ſich,</Unicode></TextEquiv></TextLine><TextLine id="r0_003"><Coords points="394,261 826,261 826,291 394,291"/><TextEquiv index="1"><Unicode>Mir vorüber durch die Berge fuhr</Unicode></TextEquiv></TextLine><TextLine id="r0_031"><Coords points="390,1537 876,1537 876,1568 390,1568"/><TextEquiv index="1"><Unicode>Was wir lieben, iſt ein Schatten nur,</Unicode></TextEquiv></TextLine><TextLine id="r0_018"><Coords points="389,950 869,950 869,980 389,980"/><TextEquiv index="1"><Unicode>O Natur! an deiner Schönheit Lichte,</Unicode></TextEquiv></TextLine><TextLine id="r0_027"><Coords points="389,1350 950,1350 950,1383 389,1383"/><TextEquiv index="1"><Unicode>Noch, wie einſt, ein freundlich tröſtend Lied,</Unicode></TextEquiv></TextLine><TextLine id="r0_014"><Coords points="343,779 793,779 793,811 343,811"/><TextEquiv index="1"><Unicode>Seid geſegnet, goldne Kinderträume,</Unicode></TextEquiv></TextLine><TextLine id="r0_002"><Coords points="394,218 933,218 933,248 394,248"/><TextEquiv index="1"><Unicode>Wenn der Sturm mit ſeinen Wetterwogen</Unicode></TextEquiv></TextLine><TextLine id="r0_009"><Coords points="392,541 851,541 851,570 392,570"/><TextEquiv index="1"><Unicode>Schöne Welt! in deiner Fülle mich;</Unicode></TextEquiv></TextLine><TextEquiv><Unicode>Wie ein Pilger in des Vaters Hallen,
Wie die Crnten in Arkadien.
Ach! da ſtürzt' ich mit den Weſen allen
Oſt verlor ich da mit trunknen Thränen
Sich der Liebe königliche Früchte,
Da erſchienſt du, Seele der Natur!
Jn die Arme der Unendlichkeit. —
Jn den Ocean die Ströme ſehnen,
Ewig muß die liebſte Liebe darben,
Jhr verbargt des Lebens Armuth mir,
Freudig aus der Einſamkeit der Zeit,
Aber hin iſt meines Lebens Morgen,
Ach! es ſingt der Frühling meinen Sorgen
Todt iſt nun, die mich erzog und ſtillte,
Und des Himmels Flammen mich umflogen:
Todt iſt nun die jugendliche Welt,
— 114 —
Meines Herzens Frühling iſt verblüht.
Dieſe Bruſt, die einſt ein Himmel füllte,
Ohne Müh' und Zwang entfalteten
Todt und dürftig. wie ein Stoppelfeld;
Jhr erzogt des Herzens gute Keime,
Was ich nie erringe, ſchenktet ihr!
Liebend, wie nach langer Jrre ſich,
Mir vorüber durch die Berge fuhr
Was wir lieben, iſt ein Schatten nur,
O Natur! an deiner Schönheit Lichte,
Noch, wie einſt, ein freundlich tröſtend Lied,
Seid geſegnet, goldne Kinderträume,
Wenn der Sturm mit ſeinen Wetterwogen
Schöne Welt! in deiner Fülle mich;</Unicode></TextEquiv></TextRegion></Page></PcGts>