1215 1763
295 689 782 721 Er ſpürt den Frühling vor dem Thor,
293 1540 679 1579 Geſchwinde! Geſchwinde!
292 1073 741 1103 Er pocht und klopfet, was er kann,
242 605 658 635 Die Fenſter auf, die Herzen auf!
295 434 764 465 Er trippelt ängſtlich durch das Haus,
292 1028 769 1060 Horcht, horcht, es iſt ſein lieber Ton!
295 392 667 422 Der alte Winter will heraus,
292 733 732 763 Der will ihn zupfen bei dem Ohr.
296 520 730 551 Und kramt zuſammen ſeinen Wuſt
292 1456 579 1486 Geſchwinde, geſchwinde.
293 818 695 848 Nach ſolcher wilden Buben Art,
294 647 598 678 Geſchwinde! Geſchwinde!
290 1370 675 1401 Die ruft er ſich zur Hülfe her
291 1285 780 1316 Und wenn ihr noch nicht öffnen wollt,
291 1115 692 1144 Mit kleinen Blumenknospen an,
294 349 597 379 Geſchwinde! Geſchwinde!
292 1158 580 1189 Geſchwinde, geſchwinde.
462 155 763 179 — 127 —
291 1413 744 1444 Und pocht und klopfet immer mehr.
240 1201 657 1231 Die Fenſter auf, die Herzen auf!
292 988 848 1018 Der Frühling pocht und klopft ja ſchon —
292 1243 596 1274 Geſchwinde! Geſchwinde!
293 859 579 890 Geſchwinde, geſchwinde.
241 902 657 933 Die Fenſter auf, die Herzen auf!
295 476 732 507 Er windet bang' ſich in der Bruſt
245 291 675 340 He genſter auf, die Herzen auf!
241 1498 658 1529 Die Fenſter auf, die Herzen auf!
292 945 596 975 Geſchwinde! Geſchwinde!
293 1328 728 1359 Er hat viel Dienerſchaft im Sold,
292 774 713 805 Jhn zauſen an dem weißen Bart
427 236 677 272 Frühlingseinzug.
293 562 579 593 Geſchwinde, geſchwinde.
