1215 1763
345 657 743 687 Und Falkenſchrei aus der Höhe,
344 1530 694 1559 Hinüber in den Opferſtrom.
296 1045 728 1096 An ihren bunten Liedern klettert
343 573 696 602 Hoch in die ſonnigen Lüfte.
344 403 776 432 Ein Wieſenthal unten am Walde.
784 1561 937 1579 icolans Tenan.
718 945 893 967 Wolſgang Müller.
343 360 827 390 Ein grüngewölbtes Laubdach ringsum,
274 700 828 730 Und nichts Lebendiges weit und breit,
227 488 667 518 Rings fließen ſüße Düfte,
348 1444 836 1474 An Leuchtern von Smaragd im Dom;
232 780 752 815 Natur, in dein Leben ſtill und kühl
294 615 731 645 Nur Amſelſchlag einſam und weit,
347 1361 724 1390 Zur Liebesfeier dringend laut.
346 1275 650 1306 Altäre feſtlich aufgebaut,
344 1105 713 1135 Die Lerche ſelig in die Luft;
345 317 711 348 An dieſer bewachſenen Halde,
346 1147 832 1177 Ein Jubelchor von Sängern ſchmettert
471 157 659 180 - 137 —
296 1402 699 1433 Der Lenz hat Roſen angezündet
345 1188 812 1219 Jm Walde, voller Blüth' und Duft.
483 1008 650 1041 Liebesfeier.
294 1233 746 1263 Da ſind, ſo weit die Blicke gleiten,
344 828 658 859 Liege ich ſelig verſunken:
344 871 728 901 Ein ſüßes Kindermärchengefühl
293 445 777 475 Wildblühende Blumen ſprießen umher,
294 259 845 307 ie Luft ſo ſtill und der Wald ſo ſtumm
348 1487 808 1516 Und jede Seele ſchwillt und mündet
344 914 730 943 Macht mir die Sinne trunken.
346 1317 792 1348 Und all' die tauſend Herzen läuten
345 743 766 773 Als im Waldthal graſende Rehe.
436 221 691 256 Die Luft ſo ſtill.
344 530 866 560 Ohne Rauſchen raget der Bäume Meer
