1230 1758
380 674 895 704 Auf Halm und Blatt in Feld und Au'.
395 1139 810 1186 li. it der Abend ſo traulich,
380 590 857 620 Und ſchlummert bis zum Tag hinein.
380 419 862 451 Folgt auf des Tages Sorg' und Laſt.
532 1090 742 1124 Bete auch du!
381 376 815 408 Und ſüßer Friede, Ruh' und Raſt
377 718 751 747 Jm Laube ſpielet friſche Luft,
210 505 789 536 Die Vöglein ſchweigen allzumal,
443 1538 835 1569 Jſt Abendandacht. Jm Strom
328 803 792 833 Der Abendſtern mit güldnem Schein
331 633 738 663 Schon rieſelt nieder kühler Thau
444 1451 832 1484 Sie Alle das Haupt zur Erd'.
444 1368 843 1399 Kein Ton iſt Blumen beſcheert,
445 1198 843 1229 Wie lächelnd der Tag verſchied!
381 334 901 366 Und ſtiller wird's auf Straß' und Pfad,
445 1241 848 1271 Wie ſingen ſo herzlich erbaulich
543 154 728 177 — 148 —
393 1494 745 1526 Wohin ich gehe und ſchaue,
443 1283 773 1314 Die Vögel ihr Abendlied!
735 971 1006 992 Hoffmann von Lallersleben
393 1326 855 1357 Die Blumen müſſen wohl ſchweigen,
378 846 780 876 Blickt in die ſtille Welt hinein,
379 886 757 919 Als rief' er jedem Herzen zu:
328 463 906 493 Es ſchweigt der Wald, es ſchweigt das Thal:
330 276 769 325 ie Sonne ſank, der Abend naht
378 929 980 960 Sei ſtill, ſei ſtill, und ſchlaf' auch du!
443 1412 762 1442 Doch, ſtille Beter, neigen
380 759 866 790 Und Blüth' und Blume ſpendet Duft.
519 226 756 260 Schlaf' auch du!
380 548 732 578 Sogar die Blume nicket ein
