1230 1758
429 646 751 675 Und ſchauernd wonniglich
408 1134 856 1164 Waltet ein heilig geheimer Verkehr.
480 559 796 589 Vom Haupte das Gefühl
478 385 808 419 Jn meinen Adern ſchwebt
406 1091 916 1121 Himmel und Erde hinauf und hernieder
479 348 844 378 Des Tags Begier, entweicht;
482 687 809 716 Jn dunkler Lüfte Schwall
425 474 755 506 Faſt iſt's, als ſtreifte kühl
884 1513 998 1535 Ketir Wahn.
483 772 853 803 Und ſchwimmt gelöſt im All.
480 602 848 632 Der Schwere, die mich band.
409 1430 947 1461 Heil, wer den Gaſt in der Hülle gefunden
359 1345 851 1375 Götter entſenden in ähnlichen Stunden
357 1176 949 1207 Sterne, ihr Blumen des Himmels, ihr winket,
424 306 745 335 Die wild in mir geſtrebt,
405 1219 945 1249 Blumen, ihr Sterne der Erde, ihr lauſcht,
562 154 749 177 — 150 —
410 1473 928 1503 Und ihn an leuchtenden Spuren erkannt.
409 1261 961 1291 Duftig die Strenge der Schranken verſinket,
406 1048 878 1078 Dämmernde Wolken geleiten ihn her,
410 1304 857 1334 Sehnende Liebe hat Alles berauſcht.
614 935 714 964 Abend.
812 813 978 830 Emanuet Geibel.
478 433 822 463 Das Leben licht und leicht.
474 262 811 293 Verjüngend an mein Herz.
357 992 874 1041 Sehet, es kehret der Abend uns wieder,
409 1388 923 1419 Segnende Boten im Menſchengewand -
482 730 760 760 Ergießt die Seele ſich.
418 211 759 251 Und ihre Friſche fließt
480 518 752 548 Mir eine Geiſterhand
