1230 1758
308 654 716 685 Die Welle, die mit Widerſtreben
293 1126 763 1158 Geheimnißvollen, wunderbaren Gang.
308 569 758 600 Die ſtolzen Wälder ſchlafen müſſen,
308 399 839 430 Die Blumen mit den vollen Wangen, —
293 1084 784 1115 Sie wandeln ihren ſtillen, ewig leiſen,
308 357 766 386 Des Himmels Blau, die Wieſenflur,
309 698 775 728 Jetzt wiederſtrahlt dein bleiches Bild,
256 484 785 514 Doch laß dich nicht den Spott verdrießen,
742 1507 936 1525 Robert Maldmuller.
308 782 813 813 Wenn ſich vor ihr dein Glanz enthüllt.
310 612 861 643 Dann ſchwillt und wächſt dein Silberſchein.
292 1424 894 1454 Und ihm ertönt im ſtummen Sphären—Rauſchen
242 1338 810 1370 Vergebens iſt des Ohr's geſpanntes Lauſchen,
241 1170 781 1200 Die Winde ſauſen aus der fernſten Ferne;
307 314 762 345 O ſieh der Wälder ſtolzes Prangen,
292 1211 861 1242 Des Weltalls Boten fliehn ſie hin und her.
472 163 660 186 — 161 —
292 1466 856 1497 Der Donnerruf des Alls: Unendlichkeit!
292 1254 870 1285 Doch bringen ſie aus dem Bereich der Sterne
291 1042 821 1073 Kein Laut, der je zu uns herüber drang;
295 1294 853 1327 Nicht einen Ton, der uns vernehmbar wär'.
471 929 665 963 Unendlichkeit.
707 822 890 843 Cäſar v. Cengerhe.
309 441 689 471 Sie ſpotten deiner Bläſſe nur.
307 272 898 306 Und denkſt, die Sterne kamen gleich? .
245 982 817 1030 W ſe ſo himmliſch ruhig droben kreiſen.
292 1382 843 1412 Der Geiſt nur überwindet Raum und Zeit,
308 740 731 771 Wird dir mit Luſt entgegenbeben,
307 229 755 259 Du haſt im Lauf dich übernommen
308 527 828 557 Denn wenn die Blumen ſchlummern ein,
