1230 1758
442 636 919 668 Steigt's wie wunderbares Singen —
391 1103 784 1133 Sich vor den Blick der Sonne,
391 553 801 583 Sterne hoch die Kreiſe ſchlingen,
389 383 815 413 Und ich wandre aus den Mauern
341 1060 814 1091 Und drängen die Nebel noch ſo dicht,
440 340 798 370 Sind ſo wunderſtill beglückt.
441 681 746 711 O du gnadenreiche Zeit!
439 466 886 498 Hehres Glänzen, heil'ges Schauern!
393 1487 943 1517 Und lacht in den ſonnigen Himmel hinauf,
718 721 994 743 Joſeph Frhr. v. Eichendorfſ.
442 596 804 625 Aus des Schnees Einſamkeit
339 1401 867 1433 Da wacht die Erde grünend auf,
390 1317 818 1355 Auf leiſen Sohlen über Nacht
390 1141 792 1176 Sie wecket doch mit ihrem Licht
438 298 900 328 Tauſend Kindlein ſtehn und ſchauen,
390 1188 767 1219 Einmal die Welt zur Wonne.
549 146 732 169 — 184 —
391 1444 767 1475 Weiß nicht, wie ihr geſchehen,
339 1229 878 1261 Blaſ't nur, ihr Stürme, blaſ't mit Macht.
388 1018 782 1048 Es muß doch Frühling werden.
390 1274 755 1304 Mir ſoll darob nicht bangen,
338 875 805 921 nd draut der Winter noch ſo ſehr
390 933 681 963 Mit trotzigen Geberden,
439 424 785 456 Bis hinaus in's freie Feld,
439 254 896 285 Buntes Spielzeug fromm geſchmückt,
391 1529 778 1560 Und möchte vor Luſt vergehen.
387 976 870 1006 Und ſtreut er Eis und Schnee umher.
389 1355 818 1390 Kommt doch der Lenz gegangen.
573 827 717 864 Hoffnung.
388 213 783 242 An den Fenſtern haben Frauen
440 511 851 541 Wie ſo weit und ſtill die Welt!
