1230 1758
332 648 764 678 Nur unverzagt auf Gott vertraut!
747 1555 872 1575 K. E. Evert.
364 1086 899 1117 Als Geſang herab zum Thale,
279 563 808 593 Und wenn dir oft auch bangt und graut,
280 390 763 422 D'rum ſtill! Und wie es frieren mag.
315 1043 720 1074 Waſſer rauſcht aus Felsgeklüften
331 348 700 379 Als wären es Freudenzähren.
332 690 724 720 Es muß doch Frühling werden
331 478 682 508 Es iſt ein großer Maientag
364 1470 763 1501 Ach. und nur im Menſchenauge
314 855 640 903 Jaſer äat im deeane
330 603 691 633 Als ſei die Höll' auf Erden,
314 1384 658 1414 Ohne daß es Waſſer ſauge,
365 1298 790 1329 Waſſer labt als Quell an Wegen
366 1128 800 1159 Perlt als Thau aus Morgenlüften
332 307 790 336 Und läßt die Brünnlein rieſeln klar,
364 1171 716 1202 Jn der Blumen Duftpokale.
477 155 662 178 — 185 —
364 1426 767 1456 Stürb' auf Erden alles Schone,
313 1212 711 1244 Waſſer träuft als milder Regen
364 1001 732 1031 Den Geliebten zur Geliebten.
364 1257 728 1286 Kühlend in die trockne Erde,
700 730 863 747 Emanuel Geibel.
366 915 763 953 Tröſtend fernhin den Betrübten,
330 434 676 465 O Herz, gib dich zufrieden!
331 264 858 295 Und ſchmückt ſich mit Roſen und Aehren,
363 1512 776 1542 Jſt das Waſſer — eine Thräne!
363 959 814 988 Spült im Fluß auf leichtem Kahne
368 1341 819 1370 Wandrer, Hirten, Wild und Heerde.
514 809 626 845 Waſſer.
281 219 813 252 Sie flicht ſich blühende Kränze in's Haar,
330 520 684 550 Der ganzen Welt beſchieden.
