1230 1758
435 679 760 708 Eine weite Gruft biſt du,
434 1533 863 1563 Ziehn die Schiffe durch das Meer,
435 1063 842 1092 Wenn ein weiter, reicher Garten
435 593 867 624 Manch ein theures Grab begrüßt?
436 420 802 452 Altes, heil'ges, ew'ges Meer!
434 1020 793 1051 Jubel, wie ihn Freude zollt,
435 380 822 409 Liegſt du vor mir ausgebreitet,
435 721 855 752 Manches Leben, manche Hoffnung
435 508 825 538 Wie die Wehmuth ſie vergießt,
434 1447 858 1477 Sind die Blumen, die dir blühn.
383 807 822 838 Keinen Grabſtein wahrſt du ihnen,
383 636 801 667 Denn ein großer, ſtiller Friedhof,
435 1363 894 1393 Jſt dein Plan auch glatt und grün,
435 1277 770 1307 Dein kryſtallner Buſen zu.
402 1106 784 1137 Jhrem Blick ſich aufgerollt?
435 336 955 366 Glanzend, ruhig, ahnungsſchwer,
384 1149 763 1178 Denn ein unermeßner Garten,
563 148 745 171 — 188 —
434 1406 756 1435 Perlen und Korallenhaine
436 1192 748 1222 Eine reiche Flur biſt du,
383 978 790 1008 Soll ich dich mit Jubel grüßen,
435 1234 803 1264 Edle Keime deckt und Schätze
435 850 938 880 Nicht ein Kreuzlein, ſchlicht und ſchmal,
435 893 873 917 Nur am Strande wandelt weinend
383 464 818 495 Soll ich dich mit Thränen grüßen,
384 277 740 323 Jnermeßlich und unendlich,
384 1490 775 1519 Wie im Garten ſtille Wandler,
435 935 862 965 Manch ein lebend Trauermal. —
384 1318 795 1349 Wie des Gartens üpp'ge Wieſen
435 764 826 795 Deckſt du kalt und fühllos zu;
473 231 834 267 Begrüßung des Meeres.
435 551 904 580 Wenn ſie trauernd auf dem Friedhof
