1230 1758
397 668 694 697 Alſo deine Liebe wahre
468 1165 848 1201 Wenn ſtill mit ſeinen —
449 574 793 604 Sieh, wie es im Paradieſe
447 395 862 425 Das ſie innen ganz durchranken,
809 1013 1028 1030 Carl Drarter-Manſred.
448 353 818 383 Schlafen ſie im Muſchelhaus.
450 710 848 739 Tief in deines Buſens Schrein,
397 483 821 520 Und dein eignes Herz, der Rieſe,
449 795 776 821 Der Geliebten nur allein.
450 617 822 647 Deiner Bruſt verborgen ruht.
434 1489 982 1519 Wir athmen Düfte, doch wir ſchweigen —
383 1404 933 1434 Wir ſehn den Mond durch Wolken ſteigen.
382 1208 906 1255 ienn ſill mit ſeinen letten Flammen
398 310 801 340 Sieh die Perlen, wie Gedanken
435 1267 858 1305 Der Abend in das Meer verſank,
572 151 751 174 — 204 —
436 1531 883 1558 Was ſoll der Worte leerer Schall?
434 1305 922 1339 Dann wandeln traulich wir zuſammen
451 974 844 1004 Die da ſehen - Blinde nicht.
435 1353 812 1382 Am Ufer in den Buchengang.
397 846 765 876 Denn nur Liebende beglücken
451 890 869 917 Kann die Liebe — Andre nicht:
448 439 801 468 Niemals treten doch heraus.
449 259 765 289 Und Geſteinen je bedeckt.
454 931 838 962 So wie Sterne nur entzücken,
436 1446 829 1476 Wir hören fern die Nachtigall;
450 753 770 783 Das Geheimniß offenbare
447 217 881 247 Was ſein Schacht an edlen Crzen
451 532 826 562 An Gefühlen und an Gluth,
