1230 1758
277 684 725 714 Wo liebend ſich zwei Herzen einen,
327 1098 811 1135 Jm wunderſchönen Monat Mai.
323 599 780 627 Und, mit der Liebe treu verbunden,
564 381 936 412 Emannel Seidel.
523 1022 972 1050 Hoffmann van Fallersleben.
322 340 709 370 Und alle Sehnſucht iſt geſtillt.
325 725 826 757 Nur Eins zu ſein in Freud' und Leid,
271 498 743 545 G glücklich, wer ein Herz gefunden.
626 1499 896 1531 Hemrich Heine.
326 810 689 842 Und heiter lächeln jede Zeit.
325 640 758 672 Sein ſchön'res Leben erſt beginnt!
422 1416 750 1449 Da hab' ich ihr geſtanden
365 1323 917 1362 Jm wunderſchönen Monat Mai,
366 1147 789 1198 Jm wunderſchönen Monat Mai.
322 298 814 329 Ein Kuß, ein Blicken hin und wieder,
419 1204 771 1233 Als alle Knospen ſprangen,
462 146 651 169 — 205 —
421 1459 788 1490 Mein Sehnen und Verlangen.
417 1247 742 1278 Da iſt in meinem Herzen
328 983 768 1013 Heil dir! die ganze Welt iſt dein!
417 1291 708 1320 Die Liebe aufgegangen.
275 853 728 882 Die Liebe, nur die Lieb' iſt Leben:
327 897 817 928 Kannſt du dein Herz der Liebe weihn,
289 449 1006 488 O glücklich, wer ein Herz gefunden.
319 255 751 285 Der Liebe Luſt iſt ſtill und nild,
330 941 748 970 So hat dir Gott genug gegeben,
421 1374 715 1404 Als alle Vögel ſangen,
326 769 818 799 Da muß des Himmels Sonne ſcheinen
266 213 716 243 Das hochſte Glück hat keine Lieder.
324 557 775 586 Das nur in Liebe denkt und ſinnt,
