1230 1758
695 620 844 642 Albert Eraeger.
317 1085 750 1115 Das mondbeglänzte Thal entlang.
355 579 717 610 Als das kurze Glück vorbei!
349 409 742 439 Dir auch ward der Liebe Luſt.
352 1042 553 1073 Der Zwiegeſang
352 367 783 397 Armes Herz in der kranken Bruſt,
267 728 705 779 Jm Fliederbuſch ein Voglein ſaß
352 495 710 525 Als die Sonne weiter ging,
321 1467 806 1498 Vergeſſ ich nimmer mein Leben lang.
318 830 829 860 Darunter ein Mägdlein im hohen Gras
468 690 654 727 Zwiegeſang.
354 1382 570 1412 Wie der Geſang
320 1297 766 1328 Von Frühlingsſonne das Vögelein,
266 1127 736 1158 Was ſang das Vöglein im Gezweig
351 324 802 354 Dich auch fand der Sonne Strahl,
319 1169 776 1200 Durch die ſtille, ſchöne Maiennacht?
468 138 649 161 — 207 —
353 1425 595 1456 Zum Herzen klang.
321 1212 862 1243 Was ſang doch wohl das Magdlein gleich
352 1000 590 1031 Und weithin klang
322 1254 780 1285 Durch die ſtille, ſchöne Maiennacht?
318 873 766 903 Jn der ſtillen, ſchönen Maiennacht.
318 914 1021 948 Sang Mägdlein, hielt das Vöglein Ruh', .
301 451 757 482 Und die Blume das Köpfchen hing.
300 265 703 316 tene Blume im engen Thal,
564 1508 889 1540 Robert einck
318 957 821 988 Sang Vöglein, hört' das Mägdlein zu,
321 1339 749 1370 Von Liebeswonne das Mägdelein.
317 787 765 817 Jn der ſtillen, ſchönen Maiennacht,
459 211 655 241 Sonnenblicke.
351 537 768 568 Und das Herz, es brach entzwei,
