1230 1758
407 714 812 743 Und doch dabei ohnmaßen froh;
408 1120 851 1152 Da drückt' er plötzlich meine Hand,
407 604 857 633 Und um uns her war lauter Duft.
405 433 915 463 Und ſchien noch freundlich in die Welt;
408 1078 948 1109 Jch weiß nicht mehr, aus welchem Grund,
405 391 774 420 Die Sonne wollte untergehn,
406 756 834 787 Jch war der ganzen Welt ſo gut,
406 518 854 547 Jm Korn und in der blauen Luft;
408 1526 791 1561 So rein, wie es geweſen war.
406 842 790 871 Da ſprachen wir denn allerlei,
351 670 750 701 Mir war gar feierlich zu Muth
407 1443 847 1474 Daß dieſer Kuß nichts Böſes war.
408 1331 786 1364 Wie's mir nur eingefallen iſt.
410 1161 885 1193 Und küßt' mich leiſe auf den Mund;
407 346 850 378 Da gingen beide wir durch's Feld.
407 1204 863 1235 Und ich, ich konnt' nicht widerſtehn,
553 147 737 169 — 210 —
408 1482 867 1517 War's doch nachher in meiner Bruſt
407 1248 760 1278 Jch habe wieder ihn geküßt,
352 1037 797 1067 Doch als ich einmal mich gewandt,
409 1291 880 1321 Und kann noch immer nicht verſtehn,
408 884 906 914 Wovon, das weiß ich ſelbſt nicht mehr,
409 927 799 957 Und er auch war ſo gut dabei
404 475 812 507 Die Vögel ſangen im Geſträuch,
353 289 771 340 Her Abend war ſo wunderſchön,
408 968 765 999 Und ging ſo ſtille nebenher.
354 1400 784 1431 Doch bin ich wirklich mir bewußt,
407 799 889 828 Gott weiß, mir war noch niemals ſo.
445 227 902 270 Des Mädchens Geſtändniß.
405 560 865 590 Die Blumen blühten voll und reich,
