1249 1760
409 691 770 722 Es kann ja nimmer ſo ſein.
408 1116 825 1146 Dich fromm an das Herze mein.
405 606 745 636 Jch bin auf ewig dein —
407 435 822 471 Es hat ein Traum mich berückt:
408 1073 856 1102 Jch drücke dich fromm an die Lippen,
353 390 838 423 Jch kann's nicht faſſen, nicht glauben,
396 735 762 765 laß im Traume mich ſterben,
407 519 826 551 Mich Arme erhöht und beglückt?
357 1501 734 1531 Du Ring an meinem Finger,
407 820 821 850 Den ſeligſten Tod mich ſchlürfen
405 643 1028 680 Mir war's — ich träume noch immer,
408 1414 838 1446 Hin ſelber mich geben und finden
357 1330 780 1368 Jch werd' ihm dienen, ihm leben,
356 1159 732 1189 Du Ring an meinem Finger,
623 349 667 367 JJJ.
408 1202 778 1231 Da haſt du mich erſt belehrt,
550 158 739 181 — 236 —
409 1458 808 1488 Verklärt mich in ſeinem Glanz.
409 1243 771 1275 Haſt meinem Blick erſchloſſen
408 1030 721 1060 Mein goldnes Ringelein,
408 1287 807 1316 Des Lebens unendlichen Werth.
407 862 788 893 Jn Thränen unendlicher Luſt!
632 943 670 962 1V.
407 471 785 507 Wie hätt' er doch unter allen
407 266 824 298 Brich, o Herz! was liegt daran?
408 1543 719 1572 Mein goldnes Ringelein,
356 988 733 1017 Du Ring an meinem Finger,
409 1372 679 1403 Jhm angehören ganz,
408 777 735 808 Gewieget an ſeiner Bruſt,
407 225 838 256 Sollte mir das Herz auch brechen,
354 561 752 592 Mir war's, er habe geſprochen:
