1249 1760
354 656 773 687 Und ſo iſt Friede mir beſchieden,
371 1183 778 1213 Springen Sternlein licht heran;
156 570 901 609 Der Schöpfung Seel' iſt ew'ger Frieden,
303 401 776 432 Die Welten drehn ſich all' um Liebe,
320 1125 777 1173 Schaut dein Aug' den Himmel an,
354 358 800 390 Vom erſten bis zum jüngſten Tag.
355 699 780 730 Sieg uber Tod und Leben, Sieg.
355 487 797 517 Und in mir wogt ein Weltgetriebe
354 785 803 816 Wie Blume zu der Sonne Schein:
354 614 767 645 Jhr Lebensgeiſt ein ſteter Krieg;
770 1481 899 1502 Dilia Helena.
369 1396 732 1426 Deines Lächelns Wiederſchein
370 1224 788 1256 Schauſt du an die Knospen hell,
355 311 1013 346 So fühl' ich, was die Schöpfung drehet
370 1268 762 1298 Werden ſie zu Blumen ſchnell:
501 164 689 187 — 253 —
320 1311 788 1341 Wo du wandelſt Schritt um Schritt,
331 1067 862 1105 Schaut dein Aug' den Himmel an.
369 1354 656 1384 Klingen Melodien mit.
353 828 893 859 Du gib mir Luſt, du gib mir Schmerzen!
354 869 785 902 Dein leb' ich und ich ſterbe dein!
355 442 798 474 Lieb' iſt ihr Leben, Lieb' ihr Tod;
354 272 791 311 Hier deines Herzens ſtiller Schlag,
685 912 858 932 Lrredrich Rückert.
369 1439 785 1470 Weiht den ganzen Frühling ein.
301 741 772 773 Jch ſpreche ſtill zur Lieb' im Herzen,
305 230 745 261 So wie durch meinen Buſen gehet
312 529 750 561 Von Liebesluſt und Liebesnoth.
