1249 1760
436 672 747 703 Dort in den Abendſtern,
435 1053 834 1087 So kehrt er doch immer wieder
436 587 791 617 Aufblühenden Kelch verſenkt.
437 415 902 447 Jch könnt' ihn nicht feſſeln bei mir.
434 1014 777 1043 Ob er irret dort und hier;
438 372 930 404 Und wollt' ich mit Ketten ihn binden,
436 715 828 745 Und glaubt, es ſei dein Auge,
437 502 831 532 Den Flug wo andershin lenkt,
451 1496 848 1526 Niemand wacht und öfſnet dir;
385 800 820 830 Jch fürchte, daß in den Strom er
384 629 766 661 Jch fürchte, daß er ſich ſtürzet
452 1410 822 1442 Oft im Traume hör' ich dich
452 1326 934 1356 Nur wie Schleier liegt mein Kummer
435 1099 754 1127 Zurück in die Seele mir.
438 331 800 361 Fliegt mein Gedanke zu dir,
777 1141 944 1162 Cael Herloßſohn.
568 150 757 173 — 254 —
451 1454 844 1484 Rufen draus vor meiner Thür,
480 1216 837 1252 Komm, o komme bald!
387 971 853 1000 Doch, wohin er immer auch wandle,
401 1267 886 1318 Jmmer leiſer wird mein Schlummer,
437 842 746 873 Sich ſenket, unterzugehn,
436 885 748 916 Seit er in deinem Auge
385 459 755 495 Jch fürchte nur, daß er irret.
387 271 721 322 Juf weichen Abendliſten
451 1538 861 1570 Jch erwach' und weine bitterlich.
435 927 783 958 Die letzte Thräne geſehn.
452 1369 684 1396 Zitternd über mir.
436 757 791 788 Worin er ſchwelget ſo gern.
446 221 881 256 Auf weichen Abendlüften —
437 544 731 574 Und ſich in einer Roſe
