<?xml version="1.0" encoding="UTF-8" standalone="no"?><PcGts xmlns="http://schema.primaresearch.org/PAGE/gts/pagecontent/2017-07-15" xmlns:xsi="http://www.w3.org/2001/XMLSchema-instance" xsi:schemaLocation="http://schema.primaresearch.org/PAGE/gts/pagecontent/2017-07-15 http://schema.primaresearch.org/PAGE/gts/pagecontent/2017-07-15/pagecontent.xsd"><Metadata><Creator>User123</Creator><Created>2018-10-23T11:46:41</Created><LastChange>2018-12-13T09:20:51</LastChange></Metadata><Page imageFilename="0282.png" imageHeight="1760" imageWidth="1249"><TextRegion id="r0" type="paragraph"><Coords points="1,1 1247,1 1247,1758 1,1758"/><TextLine id="r0_012"><Coords points="502,439 987,439 987,469 502,469"/><TextEquiv index="1"><Unicode>ſinnt und ſpinnt und weint und netzt</Unicode></TextEquiv></TextLine><TextLine id="r0_032"><Coords points="436,1377 877,1377 877,1406 436,1406"/><TextEquiv index="1"><Unicode>Wie oft ich dein, wie treu gedacht.</Unicode></TextEquiv></TextLine><TextLine id="r0_021"><Coords points="435,824 836,824 836,854 435,854"/><TextEquiv index="1"><Unicode>Mein Herz iſt alle Zeit ber dir,</Unicode></TextEquiv></TextLine><TextLine id="r0_010"><Coords points="503,355 828,355 828,384 503,384"/><TextEquiv index="1"><Unicode>von der Liebſten ſcheiden?</Unicode></TextEquiv></TextLine><TextLine id="r0_006"><Coords points="381,397 482,397 482,427 381,427"/><TextEquiv index="1"><Unicode>Daheim,</Unicode></TextEquiv></TextLine><TextLine id="r0_033"><Coords points="435,1418 912,1418 912,1450 435,1450"/><TextEquiv index="1"><Unicode>Als ſpräch' zu dir mit lauen Winden</Unicode></TextEquiv></TextLine><TextLine id="r0_020"><Coords points="435,782 882,782 882,811 435,811"/><TextEquiv index="1"><Unicode>Und biſt du dort und ich bin hier,</Unicode></TextEquiv></TextLine><TextLine id="r0_005"><Coords points="434,355 483,355 483,377 434,377"/><TextEquiv index="1"><Unicode>Und</Unicode></TextEquiv></TextLine><TextLine id="r0_034"><Coords points="434,1462 842,1462 842,1491 434,1491"/><TextEquiv index="1"><Unicode>Statt meiner jede Sommernacht,</Unicode></TextEquiv></TextLine><TextLine id="r0_013"><Coords points="433,482 846,482 846,511 433,511"/><TextEquiv index="1"><Unicode>Den goldnen Flachs am Rocken;</Unicode></TextEquiv></TextLine><TextLine id="r0_008"><Coords points="502,269 915,269 915,300 502,300"/><TextEquiv index="1"><Unicode>doch, mir iſt ganz recht geſchehn</Unicode></TextEquiv></TextLine><TextLine id="r0_030"><Coords points="387,1262 959,1262 959,1297 387,1297"/><TextEquiv index="1"><Unicode>Mir iſt, als müßteſt du empfinden —</Unicode></TextEquiv></TextLine><TextLine id="r0_015"><Coords points="435,567 827,567 827,598 435,598"/><TextEquiv index="1"><Unicode>Es wallen tief ihr in's Geſicht</Unicode></TextEquiv></TextLine><TextLine id="r0_011"><Coords points="502,397 822,397 822,427 502,427"/><TextEquiv index="1"><Unicode>daheim ſitzt ſie wohl jetzt</Unicode></TextEquiv></TextLine><TextLine id="r0_028"><Coords points="433,1123 809,1123 809,1153 433,1153"/><TextEquiv index="1"><Unicode>Auch ſeinem Röslein bringen.</Unicode></TextEquiv></TextLine><TextLine id="r0_026"><Coords points="433,1036 911,1036 911,1068 433,1068"/><TextEquiv index="1"><Unicode>Thu' auf, thu' auf dein Kämmerlein!</Unicode></TextEquiv></TextLine><TextLine id="r0_022"><Coords points="435,867 856,867 856,897 435,897"/><TextEquiv index="1"><Unicode>Ob Berg und Thal uns ſcheiden</Unicode></TextEquiv></TextLine><TextLine id="r0_004"><Coords points="434,311 484,311 484,335 434,335"/><TextEquiv index="1"><Unicode>Wer</Unicode></TextEquiv></TextLine><TextLine id="r0_023"><Coords points="383,910 865,910 865,939 383,939"/><TextEquiv index="1"><Unicode>Daheim, daheim! und wenn es lenzt,</Unicode></TextEquiv></TextLine><TextLine id="r0_001"><Coords points="578,159 764,159 764,181 578,181"/><TextEquiv index="1"><Unicode>— 262 —</Unicode></TextEquiv></TextLine><TextLine id="r0_029"><Coords points="808,1164 953,1164 953,1181 808,1181"/><TextEquiv index="1"><Unicode>Julins Sturm</Unicode></TextEquiv></TextLine><TextLine id="r0_024"><Coords points="434,952 893,952 893,982 434,982"/><TextEquiv index="1"><Unicode>Das Thal mit Veilchen ſich bekränzt</Unicode></TextEquiv></TextLine><TextLine id="r0_019"><Coords points="434,739 840,739 840,770 434,770"/><TextEquiv index="1"><Unicode>Jſt Scheiden doch nicht Meiden!</Unicode></TextEquiv></TextLine><TextLine id="r0_025"><Coords points="435,995 791,995 791,1024 435,1024"/><TextEquiv index="1"><Unicode>Und alle Knospen ſpringen:</Unicode></TextEquiv></TextLine><TextLine id="r0_016"><Coords points="434,611 776,611 776,640 434,640"/><TextEquiv index="1"><Unicode>Die reichen blonden Locken.</Unicode></TextEquiv></TextLine><TextLine id="r0_017"><Coords points="383,652 848,652 848,684 383,684"/><TextEquiv index="1"><Unicode>Daheim, daheim! o tröſt' dich, Lieb',</Unicode></TextEquiv></TextLine><TextLine id="r0_007"><Coords points="434,440 483,440 483,462 434,462"/><TextEquiv index="1"><Unicode>Und</Unicode></TextEquiv></TextLine><TextLine id="r0_003"><Coords points="434,269 482,269 482,292 434,292"/><TextEquiv index="1"><Unicode>Und</Unicode></TextEquiv></TextLine><TextLine id="r0_031"><Coords points="384,1316 857,1316 857,1367 384,1367"/><TextEquiv index="1"><Unicode>Jlli i, ale müßten du envfinden.</Unicode></TextEquiv></TextLine><TextLine id="r0_036"><Coords points="435,1545 915,1545 915,1575 435,1575"/><TextEquiv index="1"><Unicode>Mein Grüßen ſtill und ſehnſuchtsvoll,</Unicode></TextEquiv></TextLine><TextLine id="r0_035"><Coords points="434,1504 820,1504 820,1534 434,1534"/><TextEquiv index="1"><Unicode>Als läſeſt du in jedem Sterne</Unicode></TextEquiv></TextLine><TextLine id="r0_018"><Coords points="436,694 912,694 912,725 436,725"/><TextEquiv index="1"><Unicode>Und wein' dir nicht die Augen trub',</Unicode></TextEquiv></TextLine><TextLine id="r0_027"><Coords points="433,1080 912,1080 912,1110 433,1110"/><TextEquiv index="1"><Unicode>Dein Liebſter naht, will Sonnenſchein</Unicode></TextEquiv></TextLine><TextLine id="r0_014"><Coords points="434,525 886,525 886,555 434,555"/><TextEquiv index="1"><Unicode>Der Faden reißt, ſie merkt es nicht,</Unicode></TextEquiv></TextLine><TextLine id="r0_002"><Coords points="434,220 803,220 803,256 434,256"/><TextEquiv index="1"><Unicode>Und ſchafft mir bittre Leiden.</Unicode></TextEquiv></TextLine><TextLine id="r0_009"><Coords points="504,312 884,312 884,341 504,341"/><TextEquiv index="1"><Unicode>hieß mich in die Fremde gehn</Unicode></TextEquiv></TextLine><TextEquiv><Unicode>ſinnt und ſpinnt und weint und netzt
Wie oft ich dein, wie treu gedacht.
Mein Herz iſt alle Zeit ber dir,
von der Liebſten ſcheiden?
Daheim,
Als ſpräch' zu dir mit lauen Winden
Und biſt du dort und ich bin hier,
Und
Statt meiner jede Sommernacht,
Den goldnen Flachs am Rocken;
doch, mir iſt ganz recht geſchehn
Mir iſt, als müßteſt du empfinden —
Es wallen tief ihr in's Geſicht
daheim ſitzt ſie wohl jetzt
Auch ſeinem Röslein bringen.
Thu' auf, thu' auf dein Kämmerlein!
Ob Berg und Thal uns ſcheiden
Wer
Daheim, daheim! und wenn es lenzt,
— 262 —
Julins Sturm
Das Thal mit Veilchen ſich bekränzt
Jſt Scheiden doch nicht Meiden!
Und alle Knospen ſpringen:
Die reichen blonden Locken.
Daheim, daheim! o tröſt' dich, Lieb',
Und
Und
Jlli i, ale müßten du envfinden.
Mein Grüßen ſtill und ſehnſuchtsvoll,
Als läſeſt du in jedem Sterne
Und wein' dir nicht die Augen trub',
Dein Liebſter naht, will Sonnenſchein
Der Faden reißt, ſie merkt es nicht,
Und ſchafft mir bittre Leiden.
hieß mich in die Fremde gehn</Unicode></TextEquiv></TextRegion></Page></PcGts>