1249 1760
315 661 914 692 Ein Schaukeln im Kahne in träumender Ruh',
383 1553 743 1585 Jm goldnen Sonnenſtrahle?
313 1045 920 1075 Jch zähle die Sterne, ich wache und träume —
314 577 708 607 Sei ewig und ewig gebenedeit!
270 431 308 449 e
314 1002 875 1034 Jch faſſe der Nachtigall Jubel und Schmerz,
442 387 772 422 Nachtwache der Liebe.
316 704 890 734 Ein Beten im Dome bei hallenden Pſalmen,
316 492 776 522 Du ſingende, herzenverjüngende Zeit,
382 1468 739 1498 Zur Mühle dort im Thale?
266 789 914 820 Sie ſchloß mich an ſich mit den blühenden Armen,
263 619 918 649 Ein Wandeln im Schatten wildrauſchender Palmen,
735 1300 888 1321 Afred Meißner.
308 1259 709 1296 Sei ewig und ewig gebenedeit!
315 1087 884 1118 Ein ſchwebender Stern iſt mein ſeliges Herz.
703 314 885 338 Wollgang uuer.
264 1131 857 1161 Nachtwache der Liebe, du Hoffen und Wähnen,
531 167 714 190 — 267 —
333 1408 878 1455 Jae zieht dich wohl ſo weich und mild
315 1173 838 1204 Du Sabbath im Herzen, du heilige Zeit.
265 959 916 990 Nun wandl' ich im Dämmerlicht blühender Bäume,
314 1216 865 1246 Du Seligkeit nächtig verrinnender Thränen,
316 831 927 862 Sie haucht' mir in's Ohr ein unſterbliches Wort
314 875 847 905 Jch kniete und flehte: O habe Erbarmen,
267 447 870 485 Machtwache der Liebe, du Sabbath im Herzen,
400 275 722 304 Du ſüße, liebliche Marie!
382 1511 815 1540 Jſt es der Welle ſchimmernd Bild
316 916 869 948 Und küſſ' mi die zagende Seele nicht fort!
516 1363 692 1397 Die Muhle.
315 747 859 777 Nachtwache des liebenden Herzens, biſt du!
401 232 790 262 Heil' mich in dieſer Maienzeit.
315 534 878 565 Du Weihnacht bei duftigen, luſtigen Kerzen,
