1249 1760
439 607 769 635 Nicht jeden Abend küßteſt.
438 1546 920 1579 Kommt's über mich wie Himmelsluſt;
390 1037 929 1070 Und könnt' dies Herz mit ſeinen Gluthen,
438 521 810 551 Wärſt du des Ganzen müde'
437 349 803 379 Die Vöglein in den Lüften?
441 996 927 1027 Wie ein Phantom der Nacht vergehn!
435 306 846 336 Ob es der laue Frühlingswind?
439 648 920 679 Dann möcht' es wohl die Frage ſein,
429 435 751 466 Sein hoher Götterfriede?
439 1462 896 1493 So werd' ich ganz und gar geſund.
601 805 720 842 Wunſch.
389 563 818 598 Wenn du des Mullers Töchterlein
438 1377 943 1407 So ſchwindet all' mein Leid und Weh;
431 1271 892 1308 Wenn ich in deine Augen ſeh'.
440 1082 905 1112 Mit ſeiner Qual und ſeinem Wahn,
437 263 761 293 Mit ihren ſüßen Düften?
442 1125 907 1155 Sich ſtill und heiß in dir verbluten,
563 153 746 176 — 268 —
436 1421 880 1451 Doch wenn ich kuſſe deinen Mund,
440 1167 851 1192 Wie dort die Sonn' im Ocean!
440 953 857 984 Des Dichters Seele in Entzücken
797 1209 947 1229 Alſred eißner.
754 733 926 753 Wilhelm Dunker.
390 851 832 896 tönnte doch an deinen Blicken,
440 392 783 421 es der kühle, friſche Wald?
385 393 420 417 Ob
392 1505 864 1536 Wenn ich mich lehn' an deine Bruſt,
440 911 858 941 Der Welt entrückt und ungeſehn,
393 1318 815 1365 lenn ich in deine Augen ſeh'.
440 692 780 721 Ob du die Mühle wüßteſt.
387 220 757 250 Ob es die rothen Roſen ſind
438 479 851 508 O glaube mir — nur allzubald
