1249 1760
395 649 828 679 Stehn blieb ich vor deinem Hauſe
348 1496 837 1527 Wie ſprang ich ihm ſo froh entgegen!
536 1086 690 1105 eeiihs Mlh
445 563 877 593 Der Mond brach aus den Wolken
445 384 875 423 Jch und mein Schatten ſelbander,
400 1538 828 1569 Wie ſprach ich ihn ſo liebend an,
445 350 806 379 Da waren die Straßen leer;
445 690 757 722 Und ſtarrte in die Höh',
394 478 762 508 Mit wiederhallendem Fußtritt
397 1402 867 1434 Und immer fragt er, immer wieder:
446 778 799 815 Das Herz that mir ſo weh.
445 606 828 637 Und grüßte mit ernſtem Blick.
399 1319 803 1349 Er ſah ſo oft zu Boden nieder,
396 1230 1039 1264 Und doch, mich faßt ein trübes Bangen,
539 1093 776 1122 1 Ulg.
394 307 777 337 Des Nachts, da war es beſſer,
799 980 949 1001 Heinrich teine.
558 154 743 179 - 274 —
397 1360 837 1390 Und immer blieb ſein Auge trüb',
345 1130 850 1178 (r hat mich noch wie ſonſt umfangen,
448 947 731 976 Wie eine Säule ſtehn.
396 1191 850 1221 Er hat mich noch wie ſonſt geküßt;
396 815 851 850 Jch weiß, du haſt aus dem Fenſter
448 863 705 892 Gar oft herabgeſehn,
446 435 870 465 Wir wandelten ſchweigend einher.
445 265 851 295 Jch war ſo traurig und ſtumm.
253 1444 909 1476 "Haſt du mich noch wie ſonſt ſo lieb?"
447 903 870 935 Und ſah'ſt mich im Mondenlichte
396 1274 838 1306 Mir iſt, als ob ich weinen müßt'!
446 735 992 765 Und ſtarrte nach deinem Fenſter, —
445 222 868 252 Die Leute verwundert mich anſahn,
446 519 825 549 Wandelt' ich über die Brück';
