1249 1760
450 674 751 703 Die goldnen Sternelein.
322 1153 852 1201 Her cichwald brauſet, die Wolten ziehn,
450 588 713 618 Erquickenden Geſang.
448 419 795 449 Zu heilen meinen Schmerz.
493 1100 825 1136 Des Mädchens Klage.
448 377 816 402 Sie würden mit mir weinen,
451 715 791 747 Sie kämen aus ihrer Höhe
450 504 829 533 Wie ich ſo traurig und krank,
371 1551 754 1581 Jch habe gelebt und geliebet!"
399 800 792 832 Die Alle können's nicht wiſſen,
398 631 757 662 Und wüßten ſie mein Wehe,
373 1467 812 1497 Du Heilige, rufe dein Kind zuruck,
322 1381 862 1413 ,,Das Herz iſt geſtorben, die Welt iſt leer,
370 1210 834 1241 Das Mägdlein ſitzet an Ufers Grün,
448 333 839 364 Wie tief verwundet mein Herz.
370 1252 974 1283 Es bricht ſich die Welle mit Macht, mit Macht,
558 161 744 184 — 276 —
371 1508 836 1539 Jch habe genoſſen das irdiſche Glück,
371 1295 909 1326 Und ſie ſeufzt hinaus in die finſtre Nacht.
801 969 940 989 Heirich Heine
371 1338 792 1369 Das Auge von Weinen getrübet:
451 844 878 875 Nur Cine kennt meinen Schmerz:
452 886 813 917 Sie hat ja ſelbſt zerriſſen,
398 460 790 491 Und wüßten's die Nachtigallen,
396 276 911 322 Jnd wüßten's die Blumen, die kleinen,
451 929 744 959 Zerriſſen mir das Herz
371 1423 957 1454 Und weiter gibt ſie dem Wunſche nichts mehr.
451 759 807 789 Und ſprächen Troſt mir ein.
430 223 877 260 Und wüßten's die Blumen —
451 546 807 576 Sie ließen fröhlich erſchallen
