1249 1760
332 662 788 693 Und die Wind' und Wolken tragen
382 1055 807 1085 Und die Flügel ſchlägt um mich,
384 564 855 597 Keine Ferne darf uns kränken.
333 400 695 432 Ueber Berg und tiefe Thale,
382 1013 790 1043 Dein Gebet mir zieht zur Seite
387 348 836 378 Denn uns hält ein ſtark Gedenken.
383 706 725 736 Her zu mir die Liebe dein,
384 484 923 514 Täglich, ſtündlich tauſend Male
742 1452 909 1469 Emannel Geibel.
382 792 798 821 Jch bin dein und du biſt mein,
384 611 838 642 Denn uns hält ein friſch Gedenken.
382 1360 765 1388 Keine Ferne darf uns kränken,
380 1275 887 1305 Jeder Schritt — iſt's Gottes Wille —
381 1096 764 1125 Keine Ferne darf uns kränken.
384 304 770 334 Keine Ferne darf uns kränken,
381 1139 858 1169 Denn uns hält ein fromm Gedenten.
517 154 706 177 — 279 —
382 1403 823 1433 Denn uns hält ein froh Gedenken.
330 1190 728 1221 Und ſo bin ich froh und ſtille,
383 969 737 1000 Spür' ich, wie unſichtbarlich
381 1234 747 1264 Muß ich noch ſo ferne gehn,
382 833 768 862 Keine Ferne darf uns kränken,
383 876 822 906 Denn uns hält ein lieb Gedenken.
385 442 816 469 Mit den Wolken, mit dem Wind,
384 263 741 293 Drüberhin den ſichern Weg.
332 928 675 958 Ueberall, wohin ich ſchreite,
382 1318 792 1348 Jſt ein Schritt zum Wiederſehn.
384 748 752 778 Die Gedanken, die da ſagen:
386 220 803 250 Daß nicht rechte Sehnſucht fande
384 526 855 564 Grüß' ich dich, geliebtes Kind.
