1249 1760
494 722 706 756 ſtloſe.
334 1512 832 1544 Such' zum Troſte dir ein Grab zumal.
283 1043 664 1075 Hat ſie dich ja doch verſtoßen,
372 566 779 596 Der dich welken läßt im Mooſe,
373 396 810 427 Selbſt das Blatt verblühter Triebe
554 1554 838 1582 ndwig Tiech.
336 1000 985 1036 Such' ich Ruh' für meines Herzens Qual.
374 353 718 384 Gilt die Blumenſeele hoch!
491 722 620 741 2 n
373 481 787 511 Wer nun kränkt dich, ſüße Roſe.
335 1427 712 1459 Wo die ſtillen Bächlein gehn,
336 831 709 862 Wo die ſtillen Bächlein gehn.
372 609 742 639 Oder wer dich liebend bricht?
333 1343 779 1374 Bitten zeugten nur Verſchmähn —
226 1258 849 1288 Hier ein Grab im einſam grünen Thal.
336 1087 731 1117 Und ſie war ſo ſüß und ſchön!
322 311 732 338 Nur dem Dichter, nur der Liebe
336 1129 730 1160 Tauſend Thränen ſind gefloſſen,
511 159 694 183 — 281 —
334 1386 724 1416 Dicht von Felſen eingeſchloſſen,
336 1172 770 1203 Und ſie dürfte dich verſchmähn —
335 959 865 993 Dort im kühlen, abgelegnen Thal,
334 1214 822 1246 Suche Ruh' für deines Herzens Qual,
731 650 875 672 Gtlo rechter.
336 870 756 904 Wo die dunklen Weiden ſproſſen,
374 439 735 469 Wahren ſie am Herzen noch.
373 269 716 299 Jſt der eignen Kinder ſatt.
333 1471 798 1501 Hier im ſtillen, einſam grünen Thal
336 915 819 948 Wünſch' ich bald mein Grab zu ſehn.
281 1298 688 1331 Hoffend und ich ward verſtoßen,
287 772 690 821 Hicht von Felſen eingeſchloſen,
374 226 822 256 Ach! der Lenz, wenn ſie verdarben,
373 525 749 555 Wer verletzt der Liebe Pflicht,
