1249 1760
383 681 795 712 So liebesbang, ſo ſeelenvoll —
698 1567 917 1589 J. Ch. vrhr. v. Zedlitz.
264 1098 820 1129 Jn ſüßer Lenznacht, bei der Sterne Schein!
383 596 707 627 Die holde Braut ihm zu.
384 427 676 456 Um die geliebte Braut.
516 1600 833 1620 19
263 1055 762 1085 Ging ich mit ihr vertraulich und allein
383 383 765 414 Beim Duft der Blumenglocken
383 725 766 756 Was mag die Stimme fragen,
383 512 807 543 Singt ohne Raſt und ohne Ruh'
263 1483 885 1517 Das Herz durchſtrömt ein lang' entbehrtes Glück,
693 809 828 830 Adolſ Böttger.
331 638 669 669 Jch hor' ein leiſes Klagen,
259 1398 828 1429 Der Himmel ſchien ſich über mir zu ſpalten,
260 1308 799 1343 Reich an Gefühlen, doch an Worten arm!
211 1140 741 1172 Reich an Gefühlen, doch an Worten arm,
385 335 827 370 Das wirbt ſo,ſüß, das wirbt ſo laut
262 1183 812 1215 Ruht Aug' in Aug' in ſeligem Umfangen.
498 173 682 195 — 291 —
260 1441 756 1472 Das Leben ſeine Wunder zu entfalten;
261 1226 958 1258 Schlägt Herz an Herz, und Wangen ruh'n auf Wangen:
262 1010 888 1041 Von Kühl' und Duft und Stille mild umfloſſen,
264 1269 906 1300 ,,Dein, dein auf ewig!" ruf' ich wahr und warm,
512 873 662 908 Erhörung.
212 908 770 960 Jn ſüßer Lenznacht bei der Sterne Schein,
333 469 700 497 Und aus dem blauen Flieder
335 281 706 335 c hör ein Vöglein locken,
261 1527 807 1558 Und ,,dein auf ewig!" tönt es mir zurück.
264 968 742 999 Vom hellen Mondenglanze übergoſſen,
210 1355 765 1386 Und "dein auf ewig!" tönt es mir zurück;
383 767 744 798 Die in dem Wind verſcholl?
371 236 799 281 Jch hör' ein Vöglein locken.
383 554 655 578 Millionen Liebeslieder
