1249 1760
471 683 880 713 Holdumſchlungen, ohne Zaudern,
422 1096 837 1143 Ee muß was Wunderbares ſein
470 598 837 627 Jn die klare Nacht hinunter.
471 428 904 457 Mit dem Kirchlein in der Mitten
516 1051 807 1086 Amaranth's Lieder.
470 385 906 416 Träumriſch⸗ſtille lag das Städtchen
472 726 847 756 Nimmer wird's der gute Alte
470 513 850 543 Jſt kein müdes Auge munter,
474 1547 874 1579 Und dir ein treuer Engel ſein;
423 811 794 842 Was er unten hier erlauſchte,
424 641 851 670 Laß uns wandeln, ſüßes Liebchen,
474 1413 816 1444 Sich nur von Liebe ſagen!
473 1327 787 1358 So mit einander tragen!
473 1155 825 1187 Um's Lieben zweier Seelen!
472 343 893 373 Sind wir ſtumm dahingeſchritten,
472 1199 878 1231 Sie ſchließen ganz einander ein,
565 158 747 181 — 292 —
423 1487 912 1539 Jc will dich auf den Händen tragen,
475 1241 853 1272 Sich nie ein Wort verhehlen!
585 981 943 1012 — ernhro Endrulat.
424 1282 951 1315 Und Freud' und Leid, und Glück und Noth
473 854 881 885 Seinen Glocken wird er's ſagen,
473 896 872 928 Und die werden's morgen frühe
423 470 803 499 Jn den niedern Giebelbäuſern
421 284 869 333 Hurch die kühle Herbſtesmondnact
474 940 849 971 Weit in fremde Lüfte tragen!
473 1369 891 1400 Vom erſten Kuß bis in den Tod
473 769 885 797 Unſern böſen Nachbarn plaudern
575 239 745 274 Abendgang.
472 555 933 585 Nur der Thürmer ſchaut von droben
