1249 1760
779 650 992 672 Ferdinand Freiligrath.
492 1139 834 1170 Fiel Kron' und Blüthe ab.
417 567 924 598 Wir ruhn und träumen, wir ſind trunken
415 397 851 428 Zu lauſchen ſo mit ſel'gem Beben
493 1097 878 1128 Und von den ſchönen Bäumen
417 356 820 386 Ha, ſo zu raſten Tag für Tag!
433 776 894 812 Jch hab' die Nacht geträumet.
416 480 837 511 Jn unſrer Liebe Nacht verſunken,
731 1518 949 1538 Attrheineſches Liedlein.
492 884 859 915 Wohl einen ſchweren Traum,
417 610 742 640 Jn ſeliger Verſchollenheit!
493 1438 890 1468 Was mag der Traum bedeuten,
440 1352 825 1383 D'raus ſah ich Perlen rinnen,
441 1178 963 1213 Die Blüthen thät' ich ſammeln
364 313 850 343 Und jeder iſt für mich ein Leben! —
491 1226 849 1255 Jn einen goldenen Krug,
569 152 754 176 — 298 —
493 1479 834 1511 Ach, Liebſter, biſt du todt?
493 1267 880 1295 Der fiel mir aus den Handen.
493 1055 838 1080 Ein Blumenbeet das Grab.
493 1311 828 1340 Daß er in Stücken ſchlug.
493 927 869 957 Es wuchs in meinem Garten
493 970 759 994 Ein Rosmarienbaum.
416 441 833 471 Auf unſrer Herzen Wechſelſchlag!
417 260 923 291 Haucht mir in's Herz ein Schlummerlied!
441 1012 821 1042 Ein Kirchhof war der Garten,
492 1395 808 1425 Und Tröpflein roſenroth:
441 826 828 878 Jch hab' die Nacht geträumet
419 219 774 250 Und jeder deiner Athemzüge
416 525 933 555 Sind wir entflohn aus Nacht und Zeit:
