1249 1760
668 656 789 677 Wunderhorn
424 1141 786 1171 Von der alten, ſchönen Zeit.
384 572 836 603 Der hat mein jung ſriſch Herze
384 402 877 434 Und wenn ſich zwei Herzlieb thun ſcheiden,
248 1099 757 1130 Als wollten ſie was ſagen
383 358 751 390 Die Liebe die hat ein End';
469 776 712 812 Jn der Fremde.
335 486 565 517 Scheiden, ach, ach!
674 1519 947 1542 Joſeph vrhr. v. Eichendorff.
420 886 733 917 Jm Walde her und hin,
387 614 769 645 So frühzeitig traurig gemacht.
425 1437 822 1467 Meine Liebſte auf mich warten,
376 1353 721 1381 Als müßte in dem Garten,
372 1184 734 1214 Die Mondenſchimmer fliegen,
333 316 689 347 Das Mühlrad iſt zerbrochen.
424 1225 715 1255 Als ſäh' ich unter mir
496 166 681 189 — 301 —
428 1480 738 1510 Und iſt doch lange todt.
424 1268 802 1299 Das Schloß im Thale liegen,
421 1056 716 1085 Hier in der Einſamkeit,
426 1310 822 1341 Und iſt doch ſo weit von hier!
422 929 787 960 Jm Walde in dem Rauſchen
421 971 773 1001 Jch weiß nicht, wo ich bin.
385 443 821 474 So reichen ſie einander die Händ'.
385 274 764 304 Von Morgen bis Abend ſpat.
371 1014 685 1044 Die Nachtigallen ſchlagen
426 1394 772 1425 Voll Roſen weiß und roth,
372 826 770 878 Jch hör' die Bächlein rauſchen
384 232 737 262 Das treibet nichts als Liebe
386 529 1018 560 Wer doch das Scheiden erdacht haben mag.
