1233 1759
306 657 828 689 Die Glocke ſchlägt, bald naht die Rund',
393 1553 741 1588 Wär' ich jetzo nicht betrübt.
391 1086 794 1116 So viel Schäflein als da gehen
358 574 753 603 Sei ruhig, bin in Gottes Hut,
312 402 851 433 Und ſchickſt dein Nachtgebet zum Herrn
392 1043 772 1073 An dem güldnen blauen Zelt,
359 359 822 390 Gehſt du wohl in dein Kämmerlein,
359 700 820 731 Und löſt mich ab zu dieſer Stund';
306 487 807 519 Doch wenn du traurig biſt und weinſt,
393 1466 939 1500 Wär' ich lieber ſchon geſtorben,
357 785 826 811 Und denk' in deinen Träumen mein!
357 616 754 640 Er liebt ein treu Soldatenblut.
393 1384 816 1415 Ach, das kann ich nicht verſtehen,
341 1299 764 1329 Soll ich dich denn nimmer ſehen,
391 1128 772 1159 Jn dem grünen, grünen Feld,
305 316 755 347 Jetzt bei der Lampe mildem Schein
391 1171 771 1202 So viel Vögel als da fliegen,
486 165 670 188 — 309 —
391 1427 732 1457 O du bittrer Scheideſchluß!
393 1214 790 1244 Als da hin und wieder fliegen,
342 985 800 1033 o viel Stern' am Himmel ſtehen,
392 1256 764 1288 So viel Mal ſei du gegrüßt!
537 934 624 969 Gruß.
359 444 827 475 Auch für den Liebſten in der Fern'!
359 273 788 305 Wenn es an's treue Lieb gedacht.
394 1510 786 1542 Eh' ich mir ein Lieb erworben,
672 827 829 848 Wilhelm Hauff.
393 1341 722 1371 Nun ich ewig ferne muß?
358 742 813 774 Schlaf' wohl im ſtillen Kämmerlein
355 231 843 263 Mein Herz ſchlägt warm in kalter Nacht,
357 530 817 561 Mich von Gefahr umrungen meinſt:
