1233 1759
418 655 893 686 O mein Lieb, wann kommſt zu mir?
416 1039 849 1069 Wie das Kindlein in der Wiegen,
414 568 781 601 Denk' ich immer nur zu dir,
416 400 882 427 Was für Wellen, was für Flammen
415 996 844 1027 Auf dem Kirchhof will ich liegen,
412 357 724 387 Jch dich wiederſehen ſoll.
415 698 781 727 Alle Abend will ich ſprechen,
414 485 808 515 Ach, wie greß iſt meine Noth!
440 1543 800 1577 So muß ich fort von hier."
413 781 811 814 O mein Lieb, gedenk an mich!
415 613 776 643 Alle Morgen will ich ſagen:
437 1462 715 1490 Da bleibe ich bei dir,
682 1357 1036 1384 Da regnet's Thränen d'rein.
416 1080 813 1112 Das die Lieb' thut wiegen ein.
415 314 861 344 Nach viel Trübſal und Beſchwerden
652 1123 848 1152 Wunderharn.
550 162 735 186 — 310 —
439 1504 875 1534 Wenn aber kommt der dritte Tag,
393 1271 901 1307 Wohl heute noch und morgen —
416 954 794 988 Auf dem Todbett ſchlafen ein,
682 1321 1009 1358 Wo's ſchneiet rothe Roſen,
362 825 887 856 Ja, ich will dich nicht vergeſſen.
418 868 779 897 Enden nie die Liebe mein;
415 442 794 473 Schlagen über mir zuſammen,
415 272 802 301 Die des herben Jammers voll,
417 911 756 940 Wenn ich ſollte unterdeſſen
387 1402 839 1456 Woht heute noch und morgen
416 741 870 771 Wenn mir meine Aeuglein brechen:
364 229 784 259 Weiß nicht, ob auf dieſer Erden,
362 527 761 563 Mit Geduld will ich es tragen.
