1233 1759
327 718 873 749 Er blies ein Lied in den Wald hinein —
326 1109 900 1142 Nun ſagt mir, ihr Leut', was ſoll das ſein?
323 634 817 668 Viel Hirſche ſprangen am Wege dicht;
274 446 781 498 Jc bin einmal etwas hinaus ſpaziert,
327 1068 881 1099 Sie ſang ein Lied in den Wald hinein —
445 400 721 437 Curioſe Geſchichte.
325 759 902 791 Nun ſagt mir, ihr Leut', was ſoll das ſein?
325 548 807 579 Jch ſah einen Jäger am Waldeshang.
752 1501 898 1518 Nobert Reinick.
325 855 853 886 Jſt wieder ein närriſch Ding mir paſſirt:
326 675 894 706 Was that der Jäger? — Cr ſchoß ſie nicht,
325 1415 891 1448 Und 's war ſchon ſpät und Mondenſchein —
325 1333 830 1362 Und als ich ging an den Erlen vorbei,
273 1161 713 1193 Und als ich wieder zurück ſpaziert,
670 303 830 321 Ednard Mörike.
324 1204 842 1236 Da iſt mir das närriſch'ſte Ding paſſirt:
490 153 827 177 - 313 -
326 1458 900 1489 Nun ſagt mir, ihr Leut', was ſoll das ſein?
325 1247 784 1278 Ein leeres Pferd mir entgegen kam,
327 1025 897 1062 Was that das Mädchen? — Sie fing ſie nicht,
324 1290 792 1319 Jm See ein leerer Nachen ſchwamm,
325 898 727 928 Jn kleinem Kahn eine Fiſcherin
325 941 778 971 Fuhr ſtets am Waldeshange dahin;
325 506 806 536 Da iſt mir ein närriſch Ding paſſirt:
412 263 650 293 O ging er wieder!
328 983 892 1013 Rings ſprangen die Fiſchlein im Abendlicht;
326 1372 914 1405 Was hört' ich d'rinnen? — Da flüſterten Zwei,
275 811 738 843 Und als ich weiter bin fort ſpaziert,
413 220 791 250 So kommt der Tag heran —
326 591 817 621 Ritt auf und nieder den See entlang;
