1233 1759
455 638 1033 668 Die Knaben doch antworten friſch:
408 1115 818 1145 Hinüber dort nach jenem Baum,
404 553 754 583 Der Vater fragt gebieteriſch,
403 382 845 412 Die Voglein räumen ab den Tiſch,
358 1072 784 1102 Du blickeſt bald in deiner Trauer
455 340 675 364 Die Mutter nickt.
462 680 711 706 ,,Die Mutter nickt."
456 467 910 497 Und furchtet ſich vor keinem Wiſch;
412 1497 815 1526 Und unaufhaltſam eilig dringen
533 835 766 865 Einem Knaben.
456 595 698 625 Ob das ſich ſchickt;
360 1412 793 1442 An jenem Baume hörſt du ſingen
410 1326 881 1356 Und prüfeſt rings die Sproſſenwände
409 1157 863 1184 Bald wieder nach dem leeren Bauer
454 296 827 326 Sich ſeine Taſchen räuberiſch;
409 1200 847 1230 Blickſt du in deinem Kindestraum.
551 145 738 168 — 332 —
411 1454 852 1484 Den Fernen, den dein Herz verlor,
359 1241 828 1273 Du legſt ſo ſchlafſ die kleinen Hände
409 1028 785 1060 Dein liebes Vögelein entfloh?
410 1284 817 1314 An deines Lieblings ödes Haus,
360 884 878 931 Js trauerſt du, mein ſchöner Junge,
408 941 895 974 Du Armer, ſprich, was weinſt du ſo?
456 425 651 452 Und Alles pickt
454 255 664 282 Und Jedes ſpickt
412 1538 810 1568 Die heißen Thranen dir hervor.
408 986 894 1017 Daß treulos dir im raſchen Schwunge
410 1368 918 1400 Und fragſt: ",wie kam er nur hinaus?"
726 720 895 742 Jriedrich Rüchert.
403 212 833 241 Und eines folgt dem andern riſch,
456 510 673 534 Die Mutter nickt.
