<?xml version="1.0" encoding="UTF-8" standalone="no"?><PcGts xmlns="http://schema.primaresearch.org/PAGE/gts/pagecontent/2017-07-15" xmlns:xsi="http://www.w3.org/2001/XMLSchema-instance" xsi:schemaLocation="http://schema.primaresearch.org/PAGE/gts/pagecontent/2017-07-15 http://schema.primaresearch.org/PAGE/gts/pagecontent/2017-07-15/pagecontent.xsd"><Metadata><Creator>User123</Creator><Created>2018-10-23T11:46:44</Created><LastChange>2018-12-13T09:21:00</LastChange></Metadata><Page imageFilename="0357.png" imageHeight="1759" imageWidth="1233"><TextRegion id="r0" type="paragraph"><Coords points="1,1 1231,1 1231,1757 1,1757"/><TextLine id="r0_012"><Coords points="336,670 800,670 800,698 336,698"/><TextEquiv index="1"><Unicode>Und thut, was ſie nicht laſſen kann,</Unicode></TextEquiv></TextLine><TextLine id="r0_021"><Coords points="396,1136 679,1136 679,1163 396,1163"/><TextEquiv index="1"><Unicode>Mit der Mutter beten,</Unicode></TextEquiv></TextLine><TextLine id="r0_010"><Coords points="285,584 662,584 662,614 285,614"/><TextEquiv index="1"><Unicode>Sie blickt ihn lange ſelig an.</Unicode></TextEquiv></TextLine><TextLine id="r0_006"><Coords points="284,413 715,413 715,444 284,444"/><TextEquiv index="1"><Unicode>Mit ſcheuem Finger hüllt ſie dicht</Unicode></TextEquiv></TextLine><TextLine id="r0_020"><Coords points="345,1077 760,1077 760,1127 345,1127"/><TextEquiv index="1"><Unicode>Avends, wenn die Kinder mein</Unicode></TextEquiv></TextLine><TextLine id="r0_005"><Coords points="337,371 843,371 843,402 337,402"/><TextEquiv index="1"><Unicode>Und beugt ſich zu dem Liebling nieder;</Unicode></TextEquiv></TextLine><TextLine id="r0_013"><Coords points="336,712 823,712 823,742 336,742"/><TextEquiv index="1"><Unicode>Und neigt ſich küſſend zu ihm nieder;</Unicode></TextEquiv></TextLine><TextLine id="r0_008"><Coords points="335,498 812,498 812,530 335,530"/><TextEquiv index="1"><Unicode>Sie möcht' ihn küſſen, wagt es nicht,</Unicode></TextEquiv></TextLine><TextLine id="r0_030"><Coords points="396,1518 803,1518 803,1549 396,1549"/><TextEquiv index="1"><Unicode>Wenn das Amen leicht verhallt,</Unicode></TextEquiv></TextLine><TextLine id="r0_015"><Coords points="336,795 758,795 758,825 336,825"/><TextEquiv index="1"><Unicode>Auf ihre Knie' am kleinen Bette,</Unicode></TextEquiv></TextLine><TextLine id="r0_011"><Coords points="336,627 835,627 835,657 336,657"/><TextEquiv index="1"><Unicode>Und geht dann fort, und kehret wieder,</Unicode></TextEquiv></TextLine><TextLine id="r0_028"><Coords points="346,1433 699,1433 699,1463 346,1463"/><TextEquiv index="1"><Unicode>Und wenn Alles nachgelallt</Unicode></TextEquiv></TextLine><TextLine id="r0_026"><Coords points="396,1346 772,1346 772,1378 396,1378"/><TextEquiv index="1"><Unicode>Ob ſich's gleiche für und für,</Unicode></TextEquiv></TextLine><TextLine id="r0_022"><Coords points="396,1177 771,1177 771,1209 396,1209"/><TextEquiv index="1"><Unicode>Pfleg' ich an ihr Kämmerlein</Unicode></TextEquiv></TextLine><TextLine id="r0_004"><Coords points="335,328 723,328 723,359 335,359"/><TextEquiv index="1"><Unicode>Die Mutter aber athmet kaum</Unicode></TextEquiv></TextLine><TextLine id="r0_023"><Coords points="397,1221 637,1221 637,1252 397,1252"/><TextEquiv index="1"><Unicode>Still heranzutreten.</Unicode></TextEquiv></TextLine><TextLine id="r0_001"><Coords points="502,177 685,177 685,200 502,200"/><TextEquiv index="1"><Unicode>— 335 —</Unicode></TextEquiv></TextLine><TextLine id="r0_029"><Coords points="396,1475 671,1475 671,1505 396,1505"/><TextEquiv index="1"><Unicode>Mägdelein und Bube,</Unicode></TextEquiv></TextLine><TextLine id="r0_024"><Coords points="344,1262 713,1262 713,1294 344,1294"/><TextEquiv index="1"><Unicode>Leiſe lauſch' ich an der Thür</Unicode></TextEquiv></TextLine><TextLine id="r0_019"><Coords points="313,1028 842,1028 842,1063 313,1063"/><TextEquiv index="1"><Unicode>Abends, wenn die Kinder mein —</Unicode></TextEquiv></TextLine><TextLine id="r0_025"><Coords points="396,1306 704,1306 704,1336 396,1336"/><TextEquiv index="1"><Unicode>Jhrem Wort von ferne;</Unicode></TextEquiv></TextLine><TextLine id="r0_016"><Coords points="336,839 725,839 725,869 336,869"/><TextEquiv index="1"><Unicode>Und ſpricht ein inniges Gebet,</Unicode></TextEquiv></TextLine><TextLine id="r0_017"><Coords points="337,880 881,880 881,911 337,911"/><TextEquiv index="1"><Unicode>Und ſucht dann ſelbſt die Schlummerſtätte.</Unicode></TextEquiv></TextLine><TextLine id="r0_007"><Coords points="335,456 804,456 804,485 335,485"/><TextEquiv index="1"><Unicode>Den Schläfer in die warmen Decken,</Unicode></TextEquiv></TextLine><TextLine id="r0_003"><Coords points="337,286 766,286 766,316 337,316"/><TextEquiv index="1"><Unicode>Sich in den klaren Zügen wieder,</Unicode></TextEquiv></TextLine><TextLine id="r0_031"><Coords points="396,1559 706,1559 706,1592 396,1592"/><TextEquiv index="1"><Unicode>Tret' ich ein zur Stube.</Unicode></TextEquiv></TextLine><TextLine id="r0_018"><Coords points="718,922 858,922 858,940 718,940"/><TextEquiv index="1"><Unicode>Jultnrm.</Unicode></TextEquiv></TextLine><TextLine id="r0_027"><Coords points="394,1388 683,1388 683,1420 394,1420"/><TextEquiv index="1"><Unicode>Hör' ich doch es gerne.</Unicode></TextEquiv></TextLine><TextLine id="r0_014"><Coords points="286,754 765,754 765,784 286,784"/><TextEquiv index="1"><Unicode>Und ſinkt, von Dankgefühl durchweht,</Unicode></TextEquiv></TextLine><TextLine id="r0_002"><Coords points="283,244 747,244 747,274 283,274"/><TextEquiv index="1"><Unicode>Bald ſpiegelt auch ein lichter Traum</Unicode></TextEquiv></TextLine><TextLine id="r0_009"><Coords points="336,542 829,542 829,573 336,573"/><TextEquiv index="1"><Unicode>Aus Furcht, ihn mit dem Kuß zu wecken.</Unicode></TextEquiv></TextLine><TextEquiv><Unicode>Und thut, was ſie nicht laſſen kann,
Mit der Mutter beten,
Sie blickt ihn lange ſelig an.
Mit ſcheuem Finger hüllt ſie dicht
Avends, wenn die Kinder mein
Und beugt ſich zu dem Liebling nieder;
Und neigt ſich küſſend zu ihm nieder;
Sie möcht' ihn küſſen, wagt es nicht,
Wenn das Amen leicht verhallt,
Auf ihre Knie' am kleinen Bette,
Und geht dann fort, und kehret wieder,
Und wenn Alles nachgelallt
Ob ſich's gleiche für und für,
Pfleg' ich an ihr Kämmerlein
Die Mutter aber athmet kaum
Still heranzutreten.
— 335 —
Mägdelein und Bube,
Leiſe lauſch' ich an der Thür
Abends, wenn die Kinder mein —
Jhrem Wort von ferne;
Und ſpricht ein inniges Gebet,
Und ſucht dann ſelbſt die Schlummerſtätte.
Den Schläfer in die warmen Decken,
Sich in den klaren Zügen wieder,
Tret' ich ein zur Stube.
Jultnrm.
Hör' ich doch es gerne.
Und ſinkt, von Dankgefühl durchweht,
Bald ſpiegelt auch ein lichter Traum
Aus Furcht, ihn mit dem Kuß zu wecken.</Unicode></TextEquiv></TextRegion></Page></PcGts>