1233 1759
342 644 775 675 Mit falt'ger Stirne, düſtrer Braue
344 1047 793 1085 Und vorwurfsvollen Worte hören:
342 539 838 570 O Gott, wie blaß ſind deine Wangen!
344 369 851 399 Der Wangen Frühling von mir ſcheide:
343 1006 777 1035 Jch werde noch die ſtillen, bangen
347 326 759 358 nun in Freude, ob in Leide
342 687 821 718 Tief zu des Bechers goldnem Grunde,
342 449 737 489 Jch höre ſtets an meiner Seite
362 1535 808 1566 Nicht ahnend, daß ein Lauſcher da;
342 772 788 802 Heraus die Klageworte klangen:
293 601 772 633 Und ſitz' ich Nachts allein und ſchaue
361 1449 805 1488 Mit einem goldnen Heil'genſchein.
362 1365 749 1402 Cine junge Mutter ſaß allein;
343 1084 839 1128 O Gott! wie blaß ſind deine Wangen!
344 266 736 297 Ob Jahre d'rüber hingegangen.
483 1253 672 1283 Marienbild.
291 326 327 350 Ob
311 1488 800 1523 Sie neigt' es ſinnend zu dem Kleinen,
728 1139 907 1161 Moritz carkmann.
344 963 858 996 Wo mich kein Menſchenlaut mag ſtören —
311 1306 845 1357 Jhr ſchlummernd Kind im Arme habend,
344 815 903 852 O Gott, wie blaß ſind deine Wangen!
292 872 748 909 Fürwahr, ich glaube, wenn ich liege
345 412 791 449 Die Worte ſind mein treu Geleite.
345 224 725 255 Die Mutterworte auszumerzen,
345 915 810 956 Cinſt auf der ſchwarzen Todtenwiege,
353 1407 871 1438 Jhr Haupt umſpann der Frühlingsabend
343 728 799 760 Jſt mir, als ob aus treuem Munde
491 158 676 182 — 337 —
343 496 780 528 Jn Tönen, traurigen und bangen:
