1233 1759
380 635 901 665 Das Kind, das ſie mit Schmerz geboren,
438 1017 827 1048 Anbetend vor dem Mutterglück,
432 550 897 580 "Du guter Gott im Himmel droben,
427 377 856 410 Und was in ihrer Thräne thaute,
386 973 873 1010 Mir war's, als müßt' ich niederknieen,
301 337 878 366 Und was aus ihrem Lächeln ſprach.
236 676 803 708 —Mi ſel'ger Freude küßte ſie's
380 464 790 495 Das feuchte Aug' emporgehoben,
375 1487 992 1517 Nur wenig Beter fand ich knieen,.
434 763 809 797 Jſt noch der Erde Paradies!"
431 591 875 623 Bin ich ſo heil'gen Glückes werth?
426 1401 966 1433 Und wie's mir freundlich ſchien zu winken,
375 1301 849 1353 Jn einem Dorf, am frühen Morgen,
438 1059 878 1091 Und gläubig dacht' ich an Marien,
375 295 856 327 Doch was ſie ſtill ſich ſelbſt vextraute,
440 1102 863 1133 Die uns den Himmel gab zurück.
553 143 742 172 — 338 —
426 1445 902 1476 Trieb mich das Herz, hinein zu gehn.
863 1146 1025 1168 Julius Hammer.
437 933 795 962 Und mir erlaſſen alle Qual.
549 1248 880 1283 Die Dorfkirche.
383 803 875 842 Mir war's, als zöge durch mein Leben
330 842 909 877 Mit einem Mal ein lichter Strahl,
428 421 864 453 Jch fühlt' es tief im Herzen nach.
425 250 810 282 Und blieb ihr ungeſehen nah'.
427 1528 886 1560 Denn Werktag war's und Erntezeit;
436 890 858 920 Als ſei mir alle Schuld vergeben
425 1361 847 1392 Sah ich ein Kirchlein offen ſtehn,
432 721 826 750 Und hauchte leiſe: ,Unverloren
425 210 801 241 Jch zögerte, ihr zu erſcheinen.
375 506 869 538 Schien ſie zu fragen, wie verklärt:
