1233 1759
365 658 850 689 Du fragſt mich? O du glücklich Herz.
411 1105 891 1140 Nach der Krankheit der Mutter.
414 573 897 603 Deß Blick mit goldnem Frührothſchein
418 403 801 433 Jch ſah den holden Engel nie
766 998 928 1020 Heinrich Sileſius,
413 360 742 388 Jn Tönen lieb und mild,
413 702 764 732 Du kennſt den Engel nicht,
367 488 775 518 ,,Wer mag der treue Hüter ſein,
370 1506 770 1538 O nimmermehr vergeb ich mir,
415 787 720 817 Noch nie dein Angeſicht.
414 615 716 643 Das Leben dir erfüllt?"
427 1423 784 1453 Es war dieſelbe Mitternacht,
373 1337 815 1368 Jch ſchwelgte in der Sternenpracht,
367 1150 926 1205 Jrank warſt du, krank! — Und ſiegergroß
414 318 848 348 ſpricht zu mir, ich weiß nicht wie,
426 1205 921 1242 Stand ſchon der Tod an deinem Bette,
566 167 753 190 — 342 —
425 1466 856 1495 Die dich mit Leiden faſt erdrückte.
427 1253 825 1283 Jndeß im warmen Lebensſchooß
413 958 740 987 Das mir im Leben ſchied.
425 1295 868 1326 Jch mich gewiegt an ferner Stätte.
404 830 778 860 laß mich ſtill mit ihm allein,
415 872 822 902 Ein kindlich fromm Gemüth —
414 444 790 475 Und ahn' nur leis ſein Bild.
415 276 726 305 Hat er mit mir geweint.
421 1549 872 1581 Daß ich in Ahnung nicht erkrankte,
415 915 871 945 Dem Geiſt von meinem Mutterlein,
423 1380 925 1411 Die heilungsvoll mein Herz durchzückte:
414 744 851 775 Du bargſt im allertiefſten Schmerz
415 232 942 263 Und wenn der Gram mich trüb' gemacht,
414 527 902 561 Der all' dein Sehnen ſtillt,
