1233 1759
378 746 929 777 Und Jahre ſchwanden, — am ſchattigen Thor
439 1178 904 1216 Jch hör' ein Glöcklein klingen.
422 644 929 674 Wie die Roſen und die Vergißnichtmein."
424 473 912 502 Und küßt ſie mit lachendem Angeſicht:
853 1083 996 1106 adalf Pöttger.
372 430 860 460 Brach Roſen ſich und Vergißmeinnicht,
429 789 930 820 Ragt höher und voller der Flieder empor!
428 558 928 589 Dann trag' ich dir Alles im Hauſe zu.
430 875 952 906 Es ſchlagen ihre Herzen ſo treu und warm;
648 707 680 726 JI.
500 1496 785 1526 Sie tragen eine Bahre
448 1412 757 1442 Nicht zu dem Traualtare
448 1226 888 1277 Jch hör' ein Glöcklein klingen. .
423 387 893 417 Jhr blondes Töchterchen kniete davor,
498 1282 845 1314 Wem gilt der helle Klang?
444 150 753 179 — 346 —
498 1538 826 1568 Hinein zum Friedhofsthor
498 1325 829 1357 Jch hör' im Thale ſingen.
413 1044 934 1076 Lag ſtill unter Roſ' und Vergißnichtmein.
498 1367 837 1398 Wem aber gilt der Sang?
376 915 954 948 Doch wie ſie ſich küßten auf Wang' und Mund,
430 960 943 990 Weinte das Mädchen aus Herzensgrund;
375 515 864 546 "Ei! Mutter, bin ich ſo groß wie du,
375 330 871 379 Hie Mutter lehnt am ſchattigen Thor,
376 1001 909 1033 Denn die ſie wollt' pflegen ſo lieb und fein,
498 1454 808 1484 Zieht dieſer Zug empor;
376 832 917 862 Cin Mägdlein umfaßt des Geliebten Arm,
562 231 765 266 Nach Jahren.
374 600 942 632 Dann heg' ich und pfleg' ich dich lieb und fein,
