<?xml version="1.0" encoding="UTF-8" standalone="no"?><PcGts xmlns="http://schema.primaresearch.org/PAGE/gts/pagecontent/2017-07-15" xmlns:xsi="http://www.w3.org/2001/XMLSchema-instance" xsi:schemaLocation="http://schema.primaresearch.org/PAGE/gts/pagecontent/2017-07-15 http://schema.primaresearch.org/PAGE/gts/pagecontent/2017-07-15/pagecontent.xsd"><Metadata><Creator>User123</Creator><Created>2018-10-23T11:46:41</Created><LastChange>2018-12-13T09:21:02</LastChange></Metadata><Page imageFilename="0375.png" imageHeight="1759" imageWidth="1233"><TextRegion id="r0" type="paragraph"><Coords points="1,1 1231,1 1231,1757 1,1757"/><TextLine id="r0_012"><Coords points="312,634 828,634 828,663 312,663"/><TextEquiv index="1"><Unicode>Und ſanft und ſchmeichelnd ruft es aus:</Unicode></TextEquiv></TextLine><TextLine id="r0_032"><Coords points="362,1536 706,1536 706,1565 362,1565"/><TextEquiv index="1"><Unicode>Dein Kindlein wieder ſein;</Unicode></TextEquiv></TextLine><TextLine id="r0_021"><Coords points="362,1018 725,1018 725,1047 362,1047"/><TextEquiv index="1"><Unicode>Und ſchließt die Thure ſacht,</Unicode></TextEquiv></TextLine><TextLine id="r0_010"><Coords points="363,549 795,549 795,576 363,576"/><TextEquiv index="1"><Unicode>Die Buſenblumen, bunt und klar,</Unicode></TextEquiv></TextLine><TextLine id="r0_006"><Coords points="364,377 788,377 788,409 364,409"/><TextEquiv index="1"><Unicode>Da ſpielt das kleine Kind herein,</Unicode></TextEquiv></TextLine><TextLine id="r0_020"><Coords points="312,974 795,974 795,1006 312,1006"/><TextEquiv index="1"><Unicode>Schleicht fort, ſo leiſ' es immer kann,</Unicode></TextEquiv></TextLine><TextLine id="r0_005"><Coords points="363,335 724,335 724,365 363,365"/><TextEquiv index="1"><Unicode>Zum letzten Mal geſchmückt;</Unicode></TextEquiv></TextLine><TextLine id="r0_013"><Coords points="362,676 636,676 636,706 362,706"/><TextEquiv index="1"><Unicode>Du liebe Mutter, gib</Unicode></TextEquiv></TextLine><TextLine id="r0_008"><Coords points="312,457 763,457 763,492 312,492"/><TextEquiv index="1"><Unicode>Die Blumenkron' im blonden Haar</Unicode></TextEquiv></TextLine><TextLine id="r0_030"><Coords points="363,1449 699,1449 699,1480 363,1480"/><TextEquiv index="1"><Unicode>Ach, ſchließe doch nicht zu!</Unicode></TextEquiv></TextLine><TextLine id="r0_015"><Coords points="362,760 703,760 703,791 362,791"/><TextEquiv index="1"><Unicode>Jch hab' dich auch ſo lieb!</Unicode></TextEquiv></TextLine><TextLine id="r0_011"><Coords points="363,591 791,591 791,622 363,622"/><TextEquiv index="1"><Unicode>Zum Strauß geweiht, noch mehr.</Unicode></TextEquiv></TextLine><TextLine id="r0_028"><Coords points="364,1364 783,1364 783,1400 364,1400"/><TextEquiv index="1"><Unicode>Ach Mutter, liebſte Mutter mein,</Unicode></TextEquiv></TextLine><TextLine id="r0_026"><Coords points="329,1265 816,1265 816,1313 329,1313"/><TextEquiv index="1"><Unicode>Schläfſt ſanft in deinem Kammerlein,</Unicode></TextEquiv></TextLine><TextLine id="r0_022"><Coords points="365,1061 834,1061 834,1091 365,1091"/><TextEquiv index="1"><Unicode>Und lauſcht von Zeit zu Zeit daran,</Unicode></TextEquiv></TextLine><TextLine id="r0_004"><Coords points="312,288 752,288 752,324 312,324"/><TextEquiv index="1"><Unicode>Wie Mutter lag im Todtenſchrein.</Unicode></TextEquiv></TextLine><TextLine id="r0_023"><Coords points="362,1103 727,1103 727,1134 362,1134"/><TextEquiv index="1"><Unicode>Ob Mutter noch nicht wacht.</Unicode></TextEquiv></TextLine><TextLine id="r0_001"><Coords points="494,156 680,156 680,179 494,179"/><TextEquiv index="1"><Unicode>— 349 —</Unicode></TextEquiv></TextLine><TextLine id="r0_029"><Coords points="365,1405 836,1405 836,1437 365,1437"/><TextEquiv index="1"><Unicode>Laß mich doch auch in's Kämmerlein,</Unicode></TextEquiv></TextLine><TextLine id="r0_024"><Coords points="709,1145 868,1145 868,1166 709,1166"/><TextEquiv index="1"><Unicode>Fridrich Hebbel.</Unicode></TextEquiv></TextLine><TextLine id="r0_019"><Coords points="362,931 649,931 649,963 362,963"/><TextEquiv index="1"><Unicode>So thut ſie's ſicherlich.</Unicode></TextEquiv></TextLine><TextLine id="r0_025"><Coords points="330,1216 841,1216 841,1247 330,1247"/><TextEquiv index="1"><Unicode>Das Kind am Grabe der Mutter.</Unicode></TextEquiv></TextLine><TextLine id="r0_016"><Coords points="260,805 749,805 749,835 260,835"/><TextEquiv index="1"><Unicode>Und als die Mutter es nicht thut,</Unicode></TextEquiv></TextLine><TextLine id="r0_017"><Coords points="363,847 727,847 727,876 363,876"/><TextEquiv index="1"><Unicode>Da denkt das Kind für ſich:</Unicode></TextEquiv></TextLine><TextLine id="r0_007"><Coords points="364,420 678,420 678,457 364,457"/><TextEquiv index="1"><Unicode>Das ſtaunend ſie erblickt.</Unicode></TextEquiv></TextLine><TextLine id="r0_003"><Coords points="313,273 345,273 345,288 313,288"/><TextEquiv index="1"><Unicode></Unicode></TextEquiv></TextLine><TextLine id="r0_031"><Coords points="318,1491 705,1491 705,1523 318,1523"/><TextEquiv index="1"><Unicode>Jch möchte ja ſo gern bei dir,</Unicode></TextEquiv></TextLine><TextLine id="r0_018"><Coords points="361,890 830,890 830,920 361,920"/><TextEquiv index="1"><Unicode>Sie ſchläft, doch wenn ſie ausgeruht,</Unicode></TextEquiv></TextLine><TextLine id="r0_027"><Coords points="364,1320 857,1320 857,1352 364,1352"/><TextEquiv index="1"><Unicode>Schläfſt tief in ſüßer Ruh';</Unicode></TextEquiv></TextLine><TextLine id="r0_014"><Coords points="362,718 835,718 835,748 362,748"/><TextEquiv index="1"><Unicode>Mir eine Blum' aus deinem Strauß,</Unicode></TextEquiv></TextLine><TextLine id="r0_002"><Coords points="511,230 668,230 668,259 511,259"/><TextEquiv index="1"><Unicode>Das Kind.</Unicode></TextEquiv></TextLine><TextLine id="r0_009"><Coords points="365,505 697,505 697,535 365,535"/><TextEquiv index="1"><Unicode>Gefällt dem Kindlein ſehr,</Unicode></TextEquiv></TextLine><TextEquiv><Unicode>Und ſanft und ſchmeichelnd ruft es aus:
Dein Kindlein wieder ſein;
Und ſchließt die Thure ſacht,
Die Buſenblumen, bunt und klar,
Da ſpielt das kleine Kind herein,
Schleicht fort, ſo leiſ' es immer kann,
Zum letzten Mal geſchmückt;
Du liebe Mutter, gib
Die Blumenkron' im blonden Haar
Ach, ſchließe doch nicht zu!
Jch hab' dich auch ſo lieb!
Zum Strauß geweiht, noch mehr.
Ach Mutter, liebſte Mutter mein,
Schläfſt ſanft in deinem Kammerlein,
Und lauſcht von Zeit zu Zeit daran,
Wie Mutter lag im Todtenſchrein.
Ob Mutter noch nicht wacht.
— 349 —
Laß mich doch auch in's Kämmerlein,
Fridrich Hebbel.
So thut ſie's ſicherlich.
Das Kind am Grabe der Mutter.
Und als die Mutter es nicht thut,
Da denkt das Kind für ſich:
Das ſtaunend ſie erblickt.

Jch möchte ja ſo gern bei dir,
Sie ſchläft, doch wenn ſie ausgeruht,
Schläfſt tief in ſüßer Ruh';
Mir eine Blum' aus deinem Strauß,
Das Kind.
Gefällt dem Kindlein ſehr,</Unicode></TextEquiv></TextRegion></Page></PcGts>