1233 1759
444 689 763 718 Die ſaßen im Gartenhag,
447 1542 795 1573 Der ſchönen Vergangenheit;
312 1073 962 1110 .Stumm zog das Gewölk am Himmel,
519 579 780 616 Familiengemälde.
290 382 833 413 Geh' fleißig um mit deinen Kindern! Habe
446 1031 834 1061 Mit plätſcherndem Wanderlied;
342 339 935 370 Du haſt die Mutter, aber mehr kein Kind. —
424 732 782 762 Es lachelte ſtill ihr Antlitz
342 467 859 498 Und laß dich lieben einzig ſchöne Jahre!
451 1453 862 1488 Stand vor uns licht und wahr:
392 819 781 848 Die Arme verſchlungen, ruhten
395 630 753 677 Großvater und Großmutter.
446 1373 717 1403 Das alte ſtille Paar;
445 1287 816 1318 Zog leiſen Schrittes die Zeit.
446 1110 961 1146 Bis unſeren Blicken es ſchied.
341 297 957 327 Aus Freude gern noch manchmal in dein Haus!
395 1158 772 1190 Es raſchelte von den Bäumen
555 154 739 176 — 360 —
418 1415 774 1445 Des Lebens Doppelſpiegel
446 1202 872 1232 Das Laub, verwelkt und zerſtreut,
395 988 766 1018 Ein Bächlein rauſchte vorüber
379 1244 853 1276 Und ſchweigend an uns vorüber
446 861 796 891 Jch und die Geliebte dabei,
445 904 883 934 Uns blühten und klangen die Herzen
344 425 899 455 Sie Tag und Nacht um dich, und liebe ſie,
340 253 900 284 Die Tochter bringt vermählt dir ihre Kinder
397 1500 780 1531 Sie ſahn uns an und dachten
449 946 797 975 Wie Blumenhaine im Mai.
396 1328 841 1359 Stumm blickte auf's junge Pärchen
445 775 753 805 Wie ſonniger Wintertag.
341 208 937 241 Haſt einen Menſchen — aber mehr kein Kind!
778 509 933 529 Fropold Scheſer.
