1233 1759
320 639 910 690 Jm Schatten des Waldes, im Buchengezweig.
316 1506 934 1537 Dann ruhn ſie, ermüdet vom nächtlichen Reih'n,
366 1038 942 1068 Da lagern die Männer, verwildert und kühn,
547 601 768 637 Zigeunerleben.
384 390 873 423 Nach den Zigeunern lang noch ſchau'n
369 1549 967 1579 Es rauſchen die Buchen in Schlummer ſie ein,
316 995 880 1025 Um's lodernde Feuer im ſchwellenden Grün,
438 351 755 380 Und dreimal es verachtet.
339 696 1001 728 Da regt ſich's und raſchelt's und flüſtert zugleich;
436 477 862 507 Nach den Geſichtern, dunkelbraun,
366 1422 1007 1452 Heiß lockt die Guitarre, die Cymbel erklingt,
367 782 933 812 Um bunte Geſtalten, um Laub und Geſtein.
791 551 947 568 Nicglaus Lenan.
315 1336 875 1368 Schwarzäugige Mädchen beginnen den Tanz.
368 1250 940 1282 Und magiſche Sprüche für Noth und Gefahr
310 1081 941 1117 Da kauern die Weiber und rüſten das Mahl
437 306 933 337 Wie man's verraucht, verſchläft, vergeigt,
310 1117 856 1153 Und füllen geſchäftig den alten Pokal.
551 155 736 179 — 368 —
368 1380 942 1409 Da ſprühen die Fackeln in röthlichem Glanz.
199 1165 857 1203 Und Sagen und Lieder ertönen im Rund,
367 952 899 982 Gebräunt von Hispaniens ſüdlicher Gluth.
197 1202 945 1238 Wie Spaniens Gärten ſo blühend und bunt,
314 826 819 855 Das iſt der Zigeuner bewegliche Schaar
270 866 971 898 Mit blitzendem Aug' und mit wallendem Haar,
435 433 785 464 Mußt' ich im Weiterfahren,
435 265 811 294 Wenn das Leben uns nachtet,
368 1464 1084 1497 Wie wilder und wilder der Reigen ſich ſchlingt.
367 910 877 941 Geſäugt an des Niles geheiligter Fluth,
368 1294 906 1324 Verkündet die Alte der horchenden Schaar.
367 740 976 770 Es flackern die Flammen, es gaukelt der Schein
382 223 770 252 Dreifach haben ſie mir gezeigt.
434 519 786 549 Den ſchwarzlockigen Haaren.
