1233 1759
445 767 792 797 Ade, ade! die Thräne rinnt
445 1176 786 1206 Jn ſanftem Schlummer zu.
443 681 915 713 Mein Segel ſchwellt der leichte Wind
443 553 793 585 Und geb' euch gutes Glück!
447 1131 921 1163 Und ſchließt mein weinend Pilgeraug
394 495 777 546 Jde! Gott ſegn' euch allezeit
445 810 854 840 Und macht das Herz mir ſchwer.
443 596 908 627 Muß wandern in die Ferne weit —
444 920 803 950 Ein Gruß zum letzten Mal,
444 723 810 755 Und führt mich über's Meer.
447 1497 975 1528 Dann ſchützt mich Gott, dann habt ihr mein
446 1413 954 1444 Und wenn zur Nacht der Sterne Schein
262 1243 865 1273 Der Liebe Hauch, der Liebe Wort —
605 445 730 480 Abſchied.
446 1286 874 1315 Ein Gruß vom deutſchen Strand!
570 157 757 181 — 386 —
447 1539 841 1570 Jn Lieb' und Schmerz gedacht!
447 1328 887 1359 Er klingt zu mir, und lächelt fort,
443 1088 842 1120 Heut' Nacht mit mir zur Ruh',
446 1369 757 1401 Zurück in's Heimathland.
444 962 931 991 Dann treibt mich fort ein fremd Geſchick,
443 1005 878 1035 Dann trennt uns Berg und Thal.
828 307 990 324 Gottfried Ainhel.
377 260 956 297 Und weckt im kalten Volk der Künſte Gluth!
445 1047 885 1079 Und doch, es geht der Liebe Hauch
445 1454 756 1486 Jn's Meer herniederlacht,
394 877 826 906 Ein Händedruck, ein feuchter Blick,
375 223 966 254 Mit frommem Sinne pflegt des Geiſt's Altäre
442 639 761 670 Jhr bleibt daheim zurück.
