1233 1759
338 689 762 736 Hen letzten Becher bring' ich dir,
803 1589 848 1610 25 *
380 1105 741 1136 Die Luft glüht roſenroth —
533 639 684 674 Fahrwohl.
385 397 853 429 Die Lieb' iſt dort, die Lieb' iſt hier,
335 1062 741 1092 Die Sonne ſinkt in's Jnſelmeer.
382 356 736 385 Muß wandern weit hinaus!
383 745 737 775 Du ſchöner fremder Strand;
384 484 884 515 Von mir zu euch, von euch zu mir —
381 1505 790 1536 Fortziehn auf Nimmerwiederſehn,
383 830 759 862 Als wär's mein Heimathland.
703 568 1006 589 Adotf Btrodtmann.
330 1420 798 1450 Das iſt das Leben: Kommen, Gehn,
381 1318 845 1349 Umſonſt, auch dieſer Traum zerrinnt.
380 1147 875 1177 Dort ſchimmert noch das Häuschen her,
383 311 791 343 Behüt' dich Gott, du alte Welt,
381 1191 701 1220 Wo ſie mir Abſchied bot.
517 161 698 185 — 387 —
382 1462 749 1493 Treiben in Wind und Fluth,
382 1233 856 1263 Wie gern, wie gern, du holdes Kind,
381 1003 681 1034 Der Barke ſcharfer Kiel.
380 1274 707 1305 Hätt' ich bei dir geſäumt'
380 875 850 906 Fahrwohl, fahrwohl! Jm Segel ruht
381 918 802 946 Der Wind und treibt ſein Spiel,
383 441 767 472 Sie ſchlingt ein goldnes Band
384 270 725 301 Der Winde leicht Gebraus.
382 1547 797 1579 Wenn kaum wir ſanft geruht,
381 960 855 991 Und rauſchend furcht die grüne Fluth
381 1360 736 1391 Und war ſo ſchön geträumt.
383 789 824 819 Ach, bitter wird das Scheiden mur,
334 227 801 259 Die Welle klingt, das Segel ſchwellt
384 527 761 556 Leb wohl, mein Heimathland!
