1250 1757
395 691 777 721 Hier Schweigen, dorten Lieder,
167 1069 926 1100 s ,O Meer, o Meer, ſo trüb' und wild
395 604 846 636 Jetzt Fluth, jetzt Ebb' am Strande
395 433 761 465 Betrübt an zerriſſ'nen Netzen.
394 1030 770 1061 Stöhnt mit geheimem Beben:
396 392 797 422 Ein armer Fiſcher daneben flickt
395 733 895 763 Und Heimkehr hier, dort Abſchiedswort,
396 519 830 550 Manch morſches Wrack im Sande'
393 1456 755 1485 Die Roſen wie die Thränen.
343 817 866 849 Zwei Jungfrau'n ſitzen am Meeresſtrand
345 647 822 677 Hier Sonnenblick, Sturmwolken dort,
395 1370 815 1402 Das Jauchzen wie das Stöhnen,
394 1286 868 1317 Wie gleichſt du ſo ganz dem Leben!"
393 1116 865 1146 Wie gleichſt du ſo ganz dem Leben
395 348 748 380 Der Kaufherr mit Ergötzen;
341 1158 740 1188 Die Andre, lichter Freude Bild,
546 142 729 165 — 390 —
394 1414 921 1444 Fort wogt das Meer und, ach, verſchlingt
394 1201 781 1231 Jauchzt ſelig lächelnd daneben:
344 988 767 1018 Die Eine, trüber Wehmuth Bild,
396 1243 878 1273 ,O Meer, o Meer, ſo licht und mild,
394 861 797 891 Die Eine weint in die Fluthen,
394 904 920 933 Die Andre, mit dem Kranz in der Hand.
345 477 807 509 Manch rüſtig ſtolz bewimpelt Schiff
346 290 755 340 Auf hochgeſtapelte Ballen blict
721 1497 892 1526 Anaſtaſins Grrn
394 946 755 976 Wirft Roſen in die Fluthen.
345 1328 798 1359 Fortbrauſt das Meer und überklingt
396 776 739 806 Die Segel auf und nieder!
535 239 734 271 Am Strande.
394 562 846 593 Der Hafen hier, und dort das Riff,
