1250 1757
439 652 888 682 Und heute geht, wie ehmals, .
425 1117 808 1148 Blick' auf in deinen Thränen!
388 566 761 596 Es fließt der Bach im Thale,
386 396 671 427 Die Tanne iſt gefället,
374 1060 835 1105 Jenn deine Lieben von dir gehn,
437 355 754 384 Den heimlich ſtillen Ort.
440 695 707 725 Die Sägemühle dort.
438 480 873 506 Und d'rein mein Eins und Alles,
346 1501 867 1531 Bricht ab der Tod ein Wanderzelt,
442 779 742 809 Gar mancher Eine ſich:
440 609 765 639 Und fließet fort und fort,
377 1410 841 1445 Ein Pilger gehſt du durch die Welt,
427 1331 853 1362 So wirſt du nach dem Vaterland
427 1160 911 1191 Gott will, du ſollſt gen Himmel ſehn
438 310 885 342 Wohl wußt' ich und mein Liebchen
425 1204 772 1234 Und dich nach oben ſehnen.
551 160 734 183 — 400 —
427 1458 753 1488 Die Heimath aufzufinden,
376 1246 843 1276 Und ſchied er durch des Todes Hand
389 1009 909 1044 Wenn deine Lieben von dir gehn.
427 1289 771 1318 Dich von den Lieben allen,
440 817 785 851 Die Mühle ſägt und ſäget,
286 864 788 893 Und immer keins für mich.
440 439 708 470 Sie haben ſie zerſägt
437 270 794 300 Einſt hoch am Waſſer dort;
428 1541 868 1572 Wird all' dein Kummer ſchwinden.
742 903 921 924 Wilhelm Grimme.
429 1374 772 1410 Nur um ſo leichter wallen.
389 737 729 767 Wohl in die Bretter bettet
385 227 711 257 Wuchs eine grüne Tanne
438 524 753 554 Mein todtes Lieb, gelegt.
