1250 1757
697 649 856 665 Gultav Schwab.
392 1532 845 1566 Sie griff es an mit heiterm Muth,
394 1078 862 1108 Den Kreis, den Gott ihr zugemeſſen.
342 565 755 594 Vier Leben endet ein Schlag —
291 394 734 429 Sie hören's nicht, ſie ſehen's nicht,
394 1036 809 1067 Und ausgefüllt mit treuem Fleiß
343 352 784 384 Seht ihr, wie der Blitz dort fällt?
467 718 769 755 Die alte Waſchfran.
343 481 841 509 Urahne, Großmutter, Mutter und Kind
393 1434 902 1465 Und Glaub' und Hoffnung nicht verloren.
393 824 791 853 Die Alte dort in weißem Haar,
342 606 680 638 Und morgen iſt's Feiertag.
393 1351 833 1382 Sie hat drei Kinder ihm geboren,
393 1266 807 1296 Die Sorgen haben nicht gefehlt;
339 1138 745 1169 Sie hat in ihren jungen Tagen
342 309 846 340 Was thu' ich noch auf der Welt?" —
342 1495 377 1518 Da
522 158 706 183 — 406 —
393 1393 814 1423 Sie hat ihn in das Grab gelegt
394 1180 834 1211 Geliebt, gehofft und ſich vermählt;
392 993 877 1024 Jhr Brot in Ehr' und Zucht gegeſſen,
393 1223 846 1253 Sie hat des Weibes Loos getragen,
394 866 773 896 Die ruſtigſte der Wäſcherinnen
394 909 774 939 Jm ſechsundſiebenzigſten Jahr.
343 438 853 467 Es flammet die Stube wie lauter Licht:
343 268 873 298 Jch kann nicht ſorgen und ſchaffen ſchwer,
396 1489 787 1532 galt's die Kinder u ernähren,
394 951 868 981 So hat ſie ſtets mit ſauerm Schweiß
395 1308 863 1337 Sie hat den kranken Mann gepflegt;
344 764 806 814 Hu ſiehſ geſchäftig bei dem Linnen
290 221 860 256 Jch kann nicht ſingen und ſcherzen mehr,
342 523 843 557 Vom Strahl miteinander getroffen ſind,
