1250 1757
421 654 826 685 Jch meint', es hab' durchſtrichen
425 1466 784 1496 Und ſtrahleſt doch Adel aus,
424 1036 831 1068 Und wenn es ein Konig wär'."
372 571 743 601 ,,Bin wahrlich nicht erblichen,
257 395 754 436 *"Willkommen, gottwillkommen,
424 1508 758 1538 Als wäreſt hervorgegangen
423 997 750 1024 Will Jeden daraus laben,
419 358 729 388 Zur Schäferin ſie fliehn.
424 1550 755 1580 Aus enes Königs Haus."
423 697 770 727 Ein loſer Vogel den Hag"
421 483 911 516 Wärſt du zu Schreck gekommen,
424 1381 807 1410 Mit den andern Blumen zart.
423 783 728 812 Aus deiner Flaſche hier.
421 612 760 642 Als ich dir ſchwören mag;
429 1294 791 1324 "Wie biſt du ſo holder Art!
423 1208 795 1239 Doch hält ſie die Flaſche feſt.
372 1079 705 1111 Zu ſchopfen ſie ſich bücket,
419 314 790 344 Die Lämmer d'rob erſchrecken,
268 1249 403 1277 Er
513 164 698 187 - 421 —
424 1337 816 1367 Als wäreſt du erſt entſprungen
424 1122 856 1154 Aus der Flaſch' ihn trinken läßt;
423 952 834 984 Noch Keinem macht' ich's ſchwer,
428 1166 921 1197 Gar zärtlich er ſie anblicket,
422 824 846 856 Jch würd' es in's Herz mir drücken
423 868 818 899 Als die großte Huld von dir!"
420 443 725 471 Du wunderſchöne Maid!
420 273 790 302 Er rauſchet durch das Grün;
373 1421 841 1454 Und biſt doch mit Würd' umfangen,
374 911 784 941 "Meine Flaſche magſt du haben,
422 1250 793 1281 ſpricht, von Lieb' bezwungen:
373 741 784 772 "Ach! wollteſt du mich erquicken
368 230 788 260 Herr Goldmar geht durch Hecken,
421 527 768 558 Mir wär' es herzlich leid."
