1250 1757
356 651 747 681 Der König ſprach: ,Jch lohne
360 1503 688 1540 Die Augen thät er heben,
409 1035 734 1064 Und keiner Krone Strahl,
408 566 800 597 Das Lammlein weiß zur Seite
409 397 795 425 Er ließ Herrn Goldmar laden,
411 1540 782 1576 Die Schäferin vor ihm ſtand,
344 991 794 1022 ,,Keine Konigin ſoll mich gewinnen
407 354 768 381 Mit Frauen und mit Herrn,
409 694 812 723 Dir nicht mit Spiel und Tand,
356 482 737 510 Da kam der Held im Streite,
411 1417 843 1447 Als ſängen die Vogel am Quelle,
409 778 848 809 Aus der ſchönſten Königin Hand."
409 609 775 638 An roſenrothem Band.
360 1333 747 1362 Da rief eine Stimme ſo helle,
410 1246 777 1277 So mög' euch Gott behüten!
408 1077 780 1107 Jch trachte mit allen Sinnen
310 311 709 341 Der Konig ſtand im Gaden
409 1119 778 1150 Nach der Schäferin im Thal.
503 159 688 182 — 425 —
411 1376 817 1405 Und ihm ward mit einem Mal,
358 1162 878 1193 Jch will zum Gruß ihr bieten
409 948 745 980 Wollt' ſehen nach ihr hin.
409 1204 801 1230 Das Lämmlein und den Stab.
358 819 739 852 Er ſprach's und ſchlug zurücke
408 864 743 894 Den Schleier der Königin.
292 437 794 463 Der Ritter Blum' und Stern.
405 267 761 297 Herr Goldmar warf ſie all'.
411 1460 855 1491 Als glänzten die Blumen im Thal.
408 906 824 934 Herr Goldmar mit keinem Blicke
409 1289 761 1320 Jch zieh' in's Thal hinab."
408 737 737 766 Jch gebe dir meine Krone
406 224 769 256 Wollt' jeder thun das Beſte,
407 524 788 553 Den Schäferſtab in der Hand,
