1250 1757
389 655 777 686 Nicht länger blieben ſie ſtehen,
459 1550 836 1580 Die mit Staunen Jeder ſieht,
525 1078 770 1119 Der Roſenkranz.
440 571 776 600 Mit Wucher ich dir lohne,
440 400 866 430 Sprich! willſt du ziehn noch immer
736 994 895 1016 Tudwig Uhland.
439 353 761 386 Jn meines Vaters Haus!
441 698 809 727 Das Eine vom Andern fern.
388 485 806 515 So nimm doch zuvor die Krone,
462 1449 875 1480 Aus der Jungfrau Hand empfahn.
440 783 796 814 Das wüßtet ihr wohl gern?
441 611 865 643 Sie herrſcht nun über zwei Land'."
459 1363 867 1394 Blumen pflücken auf dem Plan.
459 1278 826 1308 Um den werthen Roſenkranz.
408 1135 795 1186 n des Maies holden Tagen.
390 315 822 343 "Willkommen, du viel Schlimmer.
408 1508 443 1534 Jn
552 163 736 185 — 426 —
461 1407 847 1436 Wollen ſie, als wackre Ringer.
460 1194 798 1223 An der Aue Blumenglanz,
444 955 799 984 Auf den roſenrothen Mund.
464 1236 817 1265 Edle Knappen fechten, jagen
390 825 832 856 Und wollt' es ein Mädchen wiſſen,
444 867 825 899 Dem thät' ich's plötzlich kund,
293 441 771 473 Jn's grüne Thal hinaus?
439 270 839 300 Die blanke Kron' in der Hand.
463 1508 782 1540 der Laube ſitzt die Stille,
442 910 863 942 Dürft' ich ſie umfahn und küſſen
460 1321 878 1351 Wollen nicht mit leichtem Finger
442 741 778 771 Was weiter nun geſchehen.
291 229 851 259 Mit reichem Geſchmeid umgeben,
440 528 931 558 Die du mit ließeſt zum Pfand!
