1250 1757
403 656 774 686 Jm Gebirg bei Hochgewittern
407 1505 796 1538 Einem rothen Jünglingsmunde
406 1038 787 1069 Weidet rings am Bergesſaum.
352 571 810 601 Morgen, wenn die Schüſſe ſchüttern,
352 402 741 432 Beſſer als durch mich geborgen
406 1548 835 1581 Wohl der blüh'ndſten Roſen zwei.
405 995 792 1026 Ruht die Sennin, ihre Heerde
406 358 816 390 Schlummer wohl dem ihren zu?
551 1584 893 1605 - Anaſtaſin.
404 698 795 728 Mich erſchlug ein Wetterſtreich!
405 486 872 516 Und vor Liebchens Haus am Morgen
356 1420 832 1452 Und entſunken ſind zur Stunde,
405 782 852 811 Kann doch auf den Lippen treu
406 614 823 642 Mutter, denkt, daß fern von euch
405 1335 892 1366 Tropfen Thau's, wie Thränen, ſchüttelt
355 1249 779 1280 Daß ihm's aus der Krone rüttelt
355 1080 807 1112 Horch! im Thalgrund Büchſenknalle,
405 316 837 347 Legt der Herr den mir geſchmälten
406 1124 800 1153 Daß, aus ſeinem Morgentraum
534 165 721 188 — 437 —
407 1378 792 1414 Auf das Haupt der Sennerin!
407 1166 801 1196 Aufgeſchreckt vom rauhen Halle,
407 952 780 983 Unter laub'gem Blüthenbaum
405 1208 885 1239 Bang und zitternd lauſcht der Baum!
405 826 766 856 Euren, ihren Namen tragen,
404 866 838 898 Wie der blüh'ndſten Roſen zwer!"
405 443 839 474 Stellt' in Himmels Schutz ich ſie;
407 273 821 303 Lullt mein Wachen ſie in Ruh'?
405 1464 787 1495 Jn dem Thale grün und frei,
356 910 778 942 Und der Morgen ſtieg zur Erde!
404 1293 767 1322 Blüthenflocken taumelnd hin,
354 739 728 769 Beſſer will mir's ſo behagen!
354 230 854 261 Wachtſtehn ſollt' ich Nachts vor Zelten!
406 529 805 559 Stand als Ehrenwacht ich früh.
