1250 1757
237 642 1011 673 Die harrten ſtumm und ruhig auf Schwertings leiſes Wort,
230 1450 963 1482 So loſt man Eiſenbande, ſo ſchmilzt dein mächtig Erz!"
235 1026 933 1056 Dein ſei die Sachſenkrone, dein ſei das Sachſenland!"
186 558 852 588 Als ſo der Fürſt geſprochen, da traten in den Saal
186 385 915 418 Doch, mein' ich, gibts noch Mittel, zu loſen ſolches Erz,
232 1490 913 1521 Er ruft's und ihn erfaſſet der Flamme wild Geſaus,
235 983 950 1013 Hält es dem rauhen Gegner, der unten praſſelt, Stand,
239 343 891 375 Wär' eure Kette gülden, ſie wäre längſt zerſprengt.
229 1535 916 1567 Und nieder ſtürzen Alle, und nieder ſtürzt das Haus.
237 685 977 716 Und ſprangen dann in Eile, die Brände ſchwingend, fort.
238 473 867 504 Das muß den Arm befreien, gefeſſelt hundertfach,
233 1364 931 1396 Der König ſinkt zu Boden, er reißt ihn wüthend auf.
237 770 945 801 Ein Kniſtern und ein Praſſeln von Feuerswuth empor;
237 599 885 631 Zwölf ſchwarze Sachſenritter, mit Fackeln allzumal,
235 1279 918 1311 ,,Herr, ſei den Seelen gnädig, die ſelber ſich befreit!"
234 1195 918 1226 Die Thüre ſinkt in Trümmer, die Lohe ſchießt herein.
183 1067 871 1098 Und heißer, immer heißer wird's in der weiten Hall',
238 302 911 333 Jhr habt in Eiſenbande der Sachſen Arm gezwängt,
181 1238 220 1261 Da
504 149 691 172 — 441 —
230 1322 921 1353 Der Herzog doch ſieht ruhig der Flamme Windeslauf,
234 1109 901 1141 Und lauter, immer lauter erdröhnt der Balken Fall,
239 939 916 971 ,,Halt, ſteh' und laß erproben dein ruterliches Mark!
235 1153 933 1183 Und heller, immer heller wird rings der rothe Schein,
240 811 1012 843 Nicht lang', da ward's im Saale gar ſchwül und ſommerheiß,
235 854 1011 886 Und: ,,'s iſt die Stund gekommen," ſprach dumpf der ganze Kreis.
240 429 995 460 Ein biedrer Sinn und Glaube, ein hoch und muthig Herz,
239 258 905 295 Das iſt der Sachſen Sitte, und ſo allein iſt's recht.
179 1405 853 1439 ,,Schau' hin, du ſtolzer Sieger, erzittre, feiges Herz!
517 1572 954 1593 . S. Ebert.
183 897 873 928 Der König will entfliehen, der Herzog hält ihn ſtark:
240 1237 812 1262 knieen betend nieder die wackern Rittersleut':
184 726 956 759 Nicht lang', da ſcholl von unten zu Herrn und Gaſtes Ohr
190 215 957 247 ,,Herr König, Gold dem Freien, und Ciſen für den Knecht!
240 514 1011 546 Das muß den Eidſchwur löſchen, und tilgen niedre Schmach!"
