<?xml version="1.0" encoding="UTF-8" standalone="no"?><PcGts xmlns="http://schema.primaresearch.org/PAGE/gts/pagecontent/2017-07-15" xmlns:xsi="http://www.w3.org/2001/XMLSchema-instance" xsi:schemaLocation="http://schema.primaresearch.org/PAGE/gts/pagecontent/2017-07-15 http://schema.primaresearch.org/PAGE/gts/pagecontent/2017-07-15/pagecontent.xsd"><Metadata><Creator>User123</Creator><Created>2018-10-23T11:46:42</Created><LastChange>2018-12-13T09:21:16</LastChange></Metadata><Page imageFilename="0504.png" imageHeight="1757" imageWidth="1250"><TextRegion id="r0" type="paragraph"><Coords points="1,1 1248,1 1248,1755 1,1755"/><TextLine id="r0_012"><Coords points="405,652 758,652 758,682 405,682"/><TextEquiv index="1"><Unicode>,,Ach Fiſcher, liebſter Fiſcher,</Unicode></TextEquiv></TextLine><TextLine id="r0_032"><Coords points="405,1504 1014,1504 1014,1535 405,1535"/><TextEquiv index="1"><Unicode>Sie ſchwang ſich um ihren Mantel</Unicode></TextEquiv></TextLine><TextLine id="r0_021"><Coords points="452,1035 848,1035 848,1064 452,1064"/><TextEquiv index="1"><Unicode>Und küßt ſeinen todten Mund:</Unicode></TextEquiv></TextLine><TextLine id="r0_010"><Coords points="453,565 809,565 809,597 453,597"/><TextEquiv index="1"><Unicode>Sie ging ſo lang ſpazieren.</Unicode></TextEquiv></TextLine><TextLine id="r0_006"><Coords points="450,395 844,395 844,427 450,427"/><TextEquiv index="1"><Unicode>Der ſchießt ja all' die Vöglein.</Unicode></TextEquiv></TextLine><TextLine id="r0_033"><Coords points="454,1547 839,1547 839,1577 454,1577"/><TextEquiv index="1"><Unicode>Und ſprang wohl in die See:</Unicode></TextEquiv></TextLine><TextLine id="r0_020"><Coords points="401,992 749,992 749,1022 401,1022"/><TextEquiv index="1"><Unicode>Sie faßt ihn in ihre Arme</Unicode></TextEquiv></TextLine><TextLine id="r0_005"><Coords points="452,354 857,354 857,385 452,385"/><TextEquiv index="1"><Unicode>Mein Bruder iſt noch ein Kind,</Unicode></TextEquiv></TextLine><TextLine id="r0_013"><Coords points="144,687 857,687 857,725 144,725"/><TextEquiv index="1"><Unicode>⸗ Willſt du verdienen groß Lohn,</Unicode></TextEquiv></TextLine><TextLine id="r0_008"><Coords points="403,482 828,482 828,512 403,512"/><TextEquiv index="1"><Unicode>Die Mutter ging nach der Kirche.</Unicode></TextEquiv></TextLine><TextLine id="r0_030"><Coords points="456,1418 809,1418 809,1449 456,1449"/><TextEquiv index="1"><Unicode>,,Sieh da, wohledler Fiſcher,</Unicode></TextEquiv></TextLine><TextLine id="r0_015"><Coords points="452,779 872,779 872,810 452,810"/><TextEquiv index="1"><Unicode>Und fiſch' mir den Königsſohn!"</Unicode></TextEquiv></TextLine><TextLine id="r0_011"><Coords points="449,610 764,610 764,640 449,640"/><TextEquiv index="1"><Unicode>Bis ſie den Fiſcher fand.</Unicode></TextEquiv></TextLine><TextLine id="r0_028"><Coords points="404,1333 814,1333 814,1363 404,1363"/><TextEquiv index="1"><Unicode>Was zog ſie von ihrem Finger?</Unicode></TextEquiv></TextLine><TextLine id="r0_026"><Coords points="457,1248 811,1248 811,1278 457,1278"/><TextEquiv index="1"><Unicode>,,Sieh da, wohledler Fiſcher,</Unicode></TextEquiv></TextLine><TextLine id="r0_022"><Coords points="456,1077 925,1077 925,1108 456,1108"/><TextEquiv index="1"><Unicode>,,Ach Mündlein, könnteſt du ſprechen,</Unicode></TextEquiv></TextLine><TextLine id="r0_004"><Coords points="406,311 810,311 810,342 406,342"/><TextEquiv index="1"><Unicode>,,Ach Mutter, herzliebſte Mutter,</Unicode></TextEquiv></TextLine><TextLine id="r0_023"><Coords points="457,1119 913,1119 913,1151 457,1151"/><TextEquiv index="1"><Unicode>So wär' mein jung Herze geſund!"</Unicode></TextEquiv></TextLine><TextLine id="r0_001"><Coords points="577,159 764,159 764,182 577,182"/><TextEquiv index="1"><Unicode>— 468 —</Unicode></TextEquiv></TextLine><TextLine id="r0_029"><Coords points="455,1376 888,1376 888,1406 455,1406"/><TextEquiv index="1"><Unicode>Ein Ringlein von Golde ſo roth:</Unicode></TextEquiv></TextLine><TextLine id="r0_024"><Coords points="403,1163 846,1163 846,1193 403,1193"/><TextEquiv index="1"><Unicode>Was nahm ſie von ihrem Haupte?</Unicode></TextEquiv></TextLine><TextLine id="r0_019"><Coords points="454,950 866,950 866,980 454,980"/><TextEquiv index="1"><Unicode>Das war ſich des Königs Sohn.</Unicode></TextEquiv></TextLine><TextLine id="r0_025"><Coords points="453,1204 783,1204 783,1236 453,1236"/><TextEquiv index="1"><Unicode>Eine goldene Königskron':</Unicode></TextEquiv></TextLine><TextLine id="r0_016"><Coords points="401,822 790,822 790,854 401,854"/><TextEquiv index="1"><Unicode>Er warf das Netz in's Waſſer,</Unicode></TextEquiv></TextLine><TextLine id="r0_017"><Coords points="455,865 833,865 833,895 455,895"/><TextEquiv index="1"><Unicode>Es ging bis auf den Grund;</Unicode></TextEquiv></TextLine><TextLine id="r0_007"><Coords points="451,439 838,439 838,469 451,469"/><TextEquiv index="1"><Unicode>Die auf Grünhaide ſind!" —</Unicode></TextEquiv></TextLine><TextLine id="r0_003"><Coords points="450,268 817,268 817,298 450,298"/><TextEquiv index="1"><Unicode>Und der ſoll mit dir gehn!"</Unicode></TextEquiv></TextLine><TextLine id="r0_031"><Coords points="455,1460 823,1460 823,1491 455,1491"/><TextEquiv index="1"><Unicode>Kauf' deinen Kindern Brot!"</Unicode></TextEquiv></TextLine><TextLine id="r0_018"><Coords points="453,908 826,908 826,938 453,938"/><TextEquiv index="1"><Unicode>Der erſte Fiſch, den er fiſchet,</Unicode></TextEquiv></TextLine><TextLine id="r0_027"><Coords points="453,1291 806,1291 806,1321 453,1321"/><TextEquiv index="1"><Unicode>Haſt dein verdientes Lohn!"</Unicode></TextEquiv></TextLine><TextLine id="r0_014"><Coords points="452,736 847,736 847,768 452,768"/><TextEquiv index="1"><Unicode>So wirf dein Netz in's Waſſer</Unicode></TextEquiv></TextLine><TextLine id="r0_002"><Coords points="450,226 882,226 882,255 450,255"/><TextEquiv index="1"><Unicode>Weck' auf deinen jüngſten Bruder.</Unicode></TextEquiv></TextLine><TextLine id="r0_009"><Coords points="451,525 833,525 833,555 451,555"/><TextEquiv index="1"><Unicode>Die Tochter hielt ihren Gang,</Unicode></TextEquiv></TextLine><TextEquiv><Unicode>,,Ach Fiſcher, liebſter Fiſcher,
Sie ſchwang ſich um ihren Mantel
Und küßt ſeinen todten Mund:
Sie ging ſo lang ſpazieren.
Der ſchießt ja all' die Vöglein.
Und ſprang wohl in die See:
Sie faßt ihn in ihre Arme
Mein Bruder iſt noch ein Kind,
⸗ Willſt du verdienen groß Lohn,
Die Mutter ging nach der Kirche.
,,Sieh da, wohledler Fiſcher,
Und fiſch' mir den Königsſohn!"
Bis ſie den Fiſcher fand.
Was zog ſie von ihrem Finger?
,,Sieh da, wohledler Fiſcher,
,,Ach Mündlein, könnteſt du ſprechen,
,,Ach Mutter, herzliebſte Mutter,
So wär' mein jung Herze geſund!"
— 468 —
Ein Ringlein von Golde ſo roth:
Was nahm ſie von ihrem Haupte?
Das war ſich des Königs Sohn.
Eine goldene Königskron':
Er warf das Netz in's Waſſer,
Es ging bis auf den Grund;
Die auf Grünhaide ſind!" —
Und der ſoll mit dir gehn!"
Kauf' deinen Kindern Brot!"
Der erſte Fiſch, den er fiſchet,
Haſt dein verdientes Lohn!"
So wirf dein Netz in's Waſſer
Weck' auf deinen jüngſten Bruder.
Die Tochter hielt ihren Gang,</Unicode></TextEquiv></TextRegion></Page></PcGts>