1250 1757
335 664 805 694 Denn uns verſtießet ihr vom Throne
331 1068 764 1099 Auch euer Bau zerfällt in Graus.
339 577 778 608 Ein ſchnöder Raub iſt eure Krone,
291 407 756 437 ",Frohlocket nur, ihr Herrn der Erde,
332 1026 795 1055 Auch euer Reich hat einſt ein Ende,
341 344 818 374 Vernahmt ihr nie ſein dräuend Lied?
336 706 737 736 Und theiltet unſer Fürſtenthum.
338 493 838 523 Daß ihr uns herzwangt zur Beſchwerde
273 1495 749 1527 Dann wird des Vaters Krone blitzen,
334 812 766 843 Und dulden eurer Geißel Schlag;
338 620 750 650 Ein Hochverrath iſt euer Ruhm;
327 1388 811 1419 Dann ſpringen jählings unſre Feſſeln,
330 1303 792 1334 Wenn dann von euren Königsſeſſeln
280 1133 698 1162 Wenn ihr dereinſt in Eiſenbande
340 301 833 331 Vernahmt ihr bei der Funken Stieben,
329 1176 796 1206 Des letzten Eilands Wildniß ſchlugt.
524 149 708 173 — 471 —
327 1432 829 1462 Dann bricht der Tag des Zorns herein.
330 1218 797 1248 Wenn prunkend ihr durch alle Lande
331 983 841 1013 Für kein Geſchlecht von Herrſchern aus;
329 1261 754 1291 Die Fackel ſtolzer Weisheit trugt;
333 855 857 885 Doch murren wir im Schooß der Nächte,
334 898 789 929 Und harren auf der Sühnung Tag.
338 450 769 480 Jhr Staubgebilde, bläht euch nur.
342 258 834 289 Jhr Nachts durchflogt ein weit Gebiet,
324 1538 744 1569 Und jeder Blitz iſt Weltenbrand;
333 940 794 966 Es bleibt des Glückes Sonnenwende
329 1347 818 1377 Jhr greifet nach des Himmels Schein:
283 770 794 800 Wohl dienen wir euch nun als Knechte,
341 217 796 247 O, wenn von ſeiner Kraft getrieben
338 531 705 560 Die alten Götter der Natur!
