1235 1757
417 646 716 675 Doch eine andre Gnade
410 1496 792 1524 Und was der Tod verſprochen,
413 1030 714 1061 Als er zum Tode ging.
368 558 838 591 ,Jch dank' euch," ſpricht der Meiſter,
367 391 731 421 Und als der Tag gekommen,
410 1539 760 1569 Das bricht das Leben nicht.
412 985 742 1017 Die Glocke ward gelautet,
417 348 728 379 Mit ungebeugtem Muth.
416 688 788 718 Mein Herz von euch begehrt:
418 476 723 506 Da wid ihm angeboten
356 1412 723 1443 Hat auch geneigt den Nacken
416 774 743 804 Der neuen Glocke Klang!
418 603 791 634 ,Jhr Herren lieb und werth;
412 1327 724 1357 Er hat in ihrem Klange
359 1242 684 1270 Und ſeine Blicke leuchten,
360 1071 726 1102 Der Meiſter hört ſie klingen,
419 305 731 335 Er hört ſein Todesurthel
413 1114 743 1144 So voll, ſo hell, ſo rein!
517 153 706 177 — 479 -
411 1368 794 1400 Wohl mehr als Klang gehört.
413 1157 764 1187 Die Augen gehn ihm über.
414 943 801 980 Sie ſchien den Herrn gering;
412 1199 740 1228 Es muß vor Freude ſein!
415 815 711 846 Jch hab' ſie ja bereitet,
414 857 778 890 Möcht' wiſſen, ob's gelang."
418 433 778 463 Daß man ihn führt hinaus,
419 263 785 290 Und Blut will wieder Blut;
408 1453 775 1483 Zum Streich voll Zuverſicht;
360 901 690 932 Die Bitte ward gewähret,
411 1283 704 1313 Als wären ſie verklärt,
366 731 728 761 Laßt mich nur einmal hören
367 220 735 250 Doch kann ihn Keiner retten,
418 519 788 555 Der letzte Gnadenſchmaus.
