1235 1757
353 653 779 683 Sie ging wohl unter die Linden,
349 1500 757 1531 Jch wünſch' ihm all' das Beſte,
403 1033 879 1064 Jch hab' auch heimlich keinen Mann.
352 568 748 599 Sie ging wohl in den Garten,
354 398 837 428 "Mußt du noch ſieben Jahr wandern.
400 1542 778 1574 So viel der Baum hat Aeſte.
354 991 963 1022 "Mein Vater und Mutter ſind mir nicht gram,
403 357 881 386 Jch muß noch ſieben Jahr wandern."
404 693 867 726 Ob ſie ihren Liebſten möcht' finden;
352 484 915 513 Und als nun die ſieben Jahr umme waren,
351 1416 823 1447 Jch wünſch' ihm ſo viel Glücke fein,
402 780 833 811 Da kam ein Reiter geritten ſtolz:
402 611 763 641 Jhren Liebſten zu erwarten;
352 1331 815 1362 ,,Jch wünſch' ihm ſo riel gute Zeit.
353 1247 845 1277 Was thuſt du ihm denn wünſchen an,
355 1075 918 1107 Geſtern war's drei Wochen über ſieben Jahr,
355 309 900 344 ,,Feins Liebchen, wir müſſen von einander,
403 1119 941 1149 Da mein feins Liebchen ausgewandert war."
534 163 722 186 — 502 —
404 1375 871 1404 So viel wie Sand am Meere breit;
353 1162 902 1192 ,,Geſtern bin ich geritten durch eine Stadt,
403 949 888 980 Oder haſt du heimlich einen Mann?"
402 1204 882 1235 Da dein feins Liebchen Hochzeit hatt'.
355 821 783 852 ,Gott grüß' dich, Mägdlein feine,
404 864 770 895 Was machſt du hier alleine?
403 440 802 471 Nehm' ich mir keinen Andern."
404 271 901 309 Vor Lieb' ihr Leid vergaßen.
404 1458 893 1488 So viel wie Stern' am Himmel ſein;
355 907 842 937 Jſt dir dein Vater oder Mutter gram,
403 1287 918 1320 Daß er ſeine Treu' nicht gehalten hat?"
355 738 807 768 Sie ging wohl in das grüne Holz,
354 229 748 259 Worunter zwei Verliebte ſaßen,
403 526 801 556 Flocht ſie in Seiden ihr Haar;
