1235 1757
736 636 987 658 Fr. de la Motte Fougué.
418 1091 900 1122 Nach dem, was drüben vor dir liegt?
469 554 867 584 Dies ward ſchon oft geſprochen,
469 383 856 413 Und heiter kannſt du wandern
417 1050 941 1080 Und kennt dein armes Herz kein Sehnen
470 339 820 371 Manch' ſüßes Band dir ab.
343 724 970 767 Die Zeit flieht hin, und immer näher —
469 468 797 498 Dein Zagen iſt gebrochen.
367 1490 830 1523 Stell' dich an's Ziel der Lebenstage,
417 837 793 867 Rückt dir die ernſte Cwigkeit.
469 594 861 627 Doch ſpricht man's nie zu oft.
417 1399 922 1429 O Menſch, wie wird es endlich werden,
418 1313 932 1345 Fühlſt du nur heimiſch dich auf Erden?
367 1143 801 1174 Empfängſt du nur die Lebensſäfte
417 297 932 328 Nun fällt — eins nach dem andern —
420 1185 865 1216 Aus dem, was dieſe Welt enthält,
563 145 747 168 — 510 —
419 1441 958 1471 Wenn Tod und Grab dies Leben hemmt?
417 1228 903 1260 Und haſt du nie geſchmeckt die Kräfte
417 1007 856 1037 Um das, was raſch vorüber fliegt
418 1271 812 1302 Der ewigen und beſſern Welt?
417 880 819 910 Wird dir es wohler oder weher
417 921 871 953 Bei ſolchem raſchen Flug der Zeit?
469 425 853 455 Gen Himmel durch das Grab,
470 253 819 279 So lieb wär' dir die Welt.
421 1533 829 1565 Du, ach ſo weit verirrter Geiſt!
417 964 918 996 Haſt du nur Seufzer, Klagen, Thränen
418 1356 896 1387 Jſt dir der Himmel fern und fremd?
365 778 867 827 Mi Zeit flieht hin, und immer naber
467 213 801 243 Du müßteſt faſt verderben,
469 511 816 540 Und deine Seele hofft; —
