1235 1757
391 659 782 691 Weisheit, die du Knospenkeime
343 1131 812 1181 Auf deiner Fahrt in's bunte Leben,
404 568 888 599 Wird man es lieben, vor ihm zittern,
405 396 904 427 Wird's wenn es Weib, in den Bezirken
572 1097 711 1132 Führung.
402 354 937 384 Für's Heil der Menſchheit ernſt und kühn,
407 703 893 733 Bewahrſt vor Froſt und vor Gewürm.
404 481 945 512 Wird's nicht vielleicht die Welt erſchüttern,
333 1487 871 1520 Sind's Jrrwiſchflammen, die dort blinken?
401 789 857 819 Bedarf das Kindlein deinen Schirm.
402 610 935 641 Wird auch ein Herz ſein Herz verſtehn?
388 1405 811 1436 O, wie verworren liegt die Ferne
334 1320 787 1351 Verhüllt der Nebel mir die Sterne?
827 1001 951 1020 . Ebert.
358 312 940 342 Das Kind, wenn Mann einſt, wird es wirken
388 1192 884 1223 Sprich, gehſt du auch die rechte Bahn?
546 152 734 175 - 518 -
333 1446 853 1481 Dem trüben Blick, mit dem ich ſeh'!
392 1235 808 1266 Wohl mag es viele Wege geben,
401 958 834 989 Den kleinen großen Menſchenkeim!
387 1278 798 1309 Doch führt uns jeder himmelan?
401 830 842 864 Jſt es bedroht von Unglücksblitzen,
401 873 858 903 Dann nimm es lieber wieder heim;
403 440 845 470 Des engern Hauſes freudig blühn?
402 260 833 291 Durchwachen manche lange Nacht?
383 1530 777 1563 Jſt es ein gaſtlich Lampenlicht,
401 915 955 949 Doch winkt ihm Heil, ſo woll' ihn ſchützen.
387 1362 832 1394 Wallt dort ein ſtiller, grüner See?
399 746 940 777 Noch mehr als Pflanzen, Blumen, Bäume,
401 216 917 248 Wird's nicht, erfüllt von bittern Zähren,
399 524 779 555 Vielleicht vergeſſen untergehn?
