1235 1757
536 642 903 674 Alerander Kauſmann.
716 1538 856 1558 Oio Prechtler.
360 1072 814 1102 Kein Auge, das mit meinem weint,
343 559 813 589 Jch nehme friſch die Kraft zuſammen
342 388 886 418 Mein Ruder ſenk' ich — Herr, die Gnade
309 1029 788 1059 Kein Freund iſt, der es redlich meint,
341 346 794 377 Denn du beſchirmeſt ja mein Boot!
527 712 673 746 Verlaſſen.
288 473 807 504 Schon ſeh' ich's fern im Oſten flammen,
359 1454 779 1485 Du linderſt, löſeſt allen Schmerz,
360 816 915 847 Doch drückt das Weh, das Herz iſt wund,
339 599 798 631 Und fahr' in's goldne Licht hinein!
362 1370 712 1403 Und wenn ich rathlos zage.
307 1284 777 1315 Jhm ſag' ich Alles, was mich drückt,
361 1113 727 1145 Jch ſeh' mich ganz verlaſſen!
292 302 745 333 Und doch vertrau' ich dieſem Pfade,
357 1157 979 1188 Doch weil verlaſſen, weiß ich auch:
509 151 694 175 — 519 —
358 1411 853 1443 Du biſt's, mein Gott, mein Vaterherz!
361 1198 842 1230 Ein Freund wird bis zum letzten Hauch
358 987 780 1017 Doch auch den Sturm vergebens!
358 1242 681 1271 Mit Liebe mich umfaſſen!
358 858 759 889 Windſtill' im Meer des Lebens!
357 901 850 931 Am Baum des Daſeins nagt der Wurm,
342 431 837 461 Verläßt mich nicht in Nacht und Noth.
344 261 778 291 O Herr, das Alles weiß ich nicht.
358 1498 779 1528 Und machſt die Nacht zum Tage!
361 943 824 975 Zu Hülfe ruf' ich ſelbſt den Sturm,
359 1326 810 1357 Was mich erhebt, erſchreckt, entzückt,
311 757 810 804 Jlht teine Klage ſpricht der Mund;
346 218 834 249 Zum Herde freundlich mir zu winken?
342 515 879 547 Schon glüht's wie heller Morgenſchein —
