<?xml version="1.0" encoding="UTF-8" standalone="no"?><PcGts xmlns="http://schema.primaresearch.org/PAGE/gts/pagecontent/2017-07-15" xmlns:xsi="http://www.w3.org/2001/XMLSchema-instance" xsi:schemaLocation="http://schema.primaresearch.org/PAGE/gts/pagecontent/2017-07-15 http://schema.primaresearch.org/PAGE/gts/pagecontent/2017-07-15/pagecontent.xsd"><Metadata><Creator>User123</Creator><Created>2018-10-23T11:46:43</Created><LastChange>2018-12-13T09:21:24</LastChange></Metadata><Page imageFilename="0581.png" imageHeight="1757" imageWidth="1235"><TextRegion id="r0" type="paragraph"><Coords points="1,1 1233,1 1233,1755 1,1755"/><TextLine id="r0_012"><Coords points="394,690 737,690 737,720 394,720"/><TextEquiv index="1"><Unicode>Er iſt ſo klar und feierlich,</Unicode></TextEquiv></TextLine><TextLine id="r0_021"><Coords points="377,1154 793,1154 793,1185 377,1185"/><TextEquiv index="1"><Unicode>Die Seele trägt auf hoher Bahn</Unicode></TextEquiv></TextLine><TextLine id="r0_010"><Coords points="391,605 658,605 658,629 391,629"/><TextEquiv index="1"><Unicode>Und beteten mit mir.</Unicode></TextEquiv></TextLine><TextLine id="r0_006"><Coords points="390,435 704,435 704,465 390,465"/><TextEquiv index="1"><Unicode>Nun ſtille nah und fern.</Unicode></TextEquiv></TextLine><TextLine id="r0_020"><Coords points="378,1112 792,1112 792,1142 378,1142"/><TextEquiv index="1"><Unicode>Ein Lied, das gläubig himmelan</Unicode></TextEquiv></TextLine><TextLine id="r0_005"><Coords points="388,392 749,392 749,422 388,422"/><TextEquiv index="1"><Unicode>Noch eine Morgenglocke nur,</Unicode></TextEquiv></TextLine><TextLine id="r0_013"><Coords points="396,731 837,731 837,762 396,762"/><TextEquiv index="1"><Unicode>So ganz, als wollt' er öffnen ſich.</Unicode></TextEquiv></TextLine><TextLine id="r0_008"><Coords points="391,517 835,517 835,549 391,549"/><TextEquiv index="1"><Unicode>O ſüßes Grau'n, geheimes Weh'n!</Unicode></TextEquiv></TextLine><TextLine id="r0_030"><Coords points="381,1555 731,1555 731,1586 381,1586"/><TextEquiv index="1"><Unicode>Und hoher, höher himmelan</Unicode></TextEquiv></TextLine><TextLine id="r0_015"><Coords points="572,815 867,815 867,836 572,836"/><TextEquiv index="1"><Unicode>Cudwig Uhland.</Unicode></TextEquiv></TextLine><TextLine id="r0_011"><Coords points="341,648 684,648 684,676 341,676"/><TextEquiv index="1"><Unicode>Der Himmel nah und fern,</Unicode></TextEquiv></TextLine><TextLine id="r0_028"><Coords points="379,1461 806,1461 806,1492 379,1492"/><TextEquiv index="1"><Unicode>So will ich's aufwärts ſchwingen.</Unicode></TextEquiv></TextLine><TextLine id="r0_026"><Coords points="379,1376 835,1376 835,1404 379,1404"/><TextEquiv index="1"><Unicode>Für Gott und Weib und Vaterland</Unicode></TextEquiv></TextLine><TextLine id="r0_022"><Coords points="376,1197 753,1197 753,1227 376,1227"/><TextEquiv index="1"><Unicode>Mit ſtarken freien Schwingen.</Unicode></TextEquiv></TextLine><TextLine id="r0_004"><Coords points="388,351 793,351 793,380 388,380"/><TextEquiv index="1"><Unicode>Jch bin allein auf weiter Flur;</Unicode></TextEquiv></TextLine><TextLine id="r0_023"><Coords points="328,1249 741,1249 741,1279 328,1279"/><TextEquiv index="1"><Unicode>Was mir das volle Herz bewegt,</Unicode></TextEquiv></TextLine><TextLine id="r0_001"><Coords points="501,165 684,165 684,188 501,188"/><TextEquiv index="1"><Unicode>— 539 —</Unicode></TextEquiv></TextLine><TextLine id="r0_029"><Coords points="328,1512 819,1512 819,1543 328,1543"/><TextEquiv index="1"><Unicode>Hoch durch die Wolken geht die Bahn.</Unicode></TextEquiv></TextLine><TextLine id="r0_024"><Coords points="378,1290 825,1290 825,1321 378,1321"/><TextEquiv index="1"><Unicode>Daß raſcher jeder Puls mir ſchlägt,</Unicode></TextEquiv></TextLine><TextLine id="r0_019"><Coords points="378,1070 773,1070 773,1099 378,1099"/><TextEquiv index="1"><Unicode>Ein frommes Lied kann ſingen,</Unicode></TextEquiv></TextLine><TextLine id="r0_025"><Coords points="377,1333 741,1333 741,1364 377,1364"/><TextEquiv index="1"><Unicode>Jm Lied laß ich's erklingen;</Unicode></TextEquiv></TextLine><TextLine id="r0_016"><Coords points="561,917 630,917 630,947 561,947"/><TextEquiv index="1"><Unicode>Lied.</Unicode></TextEquiv></TextLine><TextLine id="r0_017"><Coords points="326,969 719,969 719,1017 326,1017"/><TextEquiv index="1"><Unicode>Has eben iſt nun meine Luſt.</Unicode></TextEquiv></TextLine><TextLine id="r0_007"><Coords points="339,475 756,475 756,507 339,507"/><TextEquiv index="1"><Unicode>Anbetend knie' ich hier.</Unicode></TextEquiv></TextLine><TextLine id="r0_003"><Coords points="338,292 815,292 815,345 338,345"/><TextEquiv index="1"><Unicode>Has in der Tag des Herrn!</Unicode></TextEquiv></TextLine><TextLine id="r0_018"><Coords points="377,1026 822,1026 822,1056 377,1056"/><TextEquiv index="1"><Unicode>Wenn ich aus voller, friſcher Bruſt</Unicode></TextEquiv></TextLine><TextLine id="r0_027"><Coords points="380,1418 851,1418 851,1450 380,1450"/><TextEquiv index="1"><Unicode>Steht hell mein Herz in Liebesbrand,</Unicode></TextEquiv></TextLine><TextLine id="r0_014"><Coords points="392,774 738,774 738,805 392,805"/><TextEquiv index="1"><Unicode>Das iſt der Tag des Herrn!</Unicode></TextEquiv></TextLine><TextLine id="r0_002"><Coords points="419,245 769,245 769,281 419,281"/><TextEquiv index="1"><Unicode>Schäfers Sonntagslied.</Unicode></TextEquiv></TextLine><TextLine id="r0_009"><Coords points="389,562 729,562 729,592 389,592"/><TextEquiv index="1"><Unicode>Als knieten Viele ungeſehn</Unicode></TextEquiv></TextLine><TextEquiv><Unicode>Er iſt ſo klar und feierlich,
Die Seele trägt auf hoher Bahn
Und beteten mit mir.
Nun ſtille nah und fern.
Ein Lied, das gläubig himmelan
Noch eine Morgenglocke nur,
So ganz, als wollt' er öffnen ſich.
O ſüßes Grau'n, geheimes Weh'n!
Und hoher, höher himmelan
Cudwig Uhland.
Der Himmel nah und fern,
So will ich's aufwärts ſchwingen.
Für Gott und Weib und Vaterland
Mit ſtarken freien Schwingen.
Jch bin allein auf weiter Flur;
Was mir das volle Herz bewegt,
— 539 —
Hoch durch die Wolken geht die Bahn.
Daß raſcher jeder Puls mir ſchlägt,
Ein frommes Lied kann ſingen,
Jm Lied laß ich's erklingen;
Lied.
Has eben iſt nun meine Luſt.
Anbetend knie' ich hier.
Has in der Tag des Herrn!
Wenn ich aus voller, friſcher Bruſt
Steht hell mein Herz in Liebesbrand,
Das iſt der Tag des Herrn!
Schäfers Sonntagslied.
Als knieten Viele ungeſehn</Unicode></TextEquiv></TextRegion></Page></PcGts>