1235 1757
447 660 914 690 Des Wächters Hut und Wachſamkeit,
449 1051 850 1081 Wird Ruhe ſuchend hingebracht.
398 575 819 606 Nun gib uns Ruhe, die erquickt,
450 393 938 427 Wir klagen dir's mit Reu' und Schmerz,
448 1009 868 1039 Und manche Stunde ſtiller Nacht
448 352 914 384 Das rechn' aus Gnaden uns nicht an;
448 701 863 733 Der Thor' und Riegel Feſtigkeit,
448 482 857 511 Mit deines lieben Sohnes Blut
298 1475 1017 1526 Jch danke dir, mein Gott, für jeden Traum der Nacht,
448 788 857 827 Das Alles gibt die Ruhe nicht.
448 617 853 648 Nach der das müde Auge blickt.
593 1429 721 1461 Träume.
449 1272 883 1302 Dann ſei dir unſer Dank gebracht
398 1100 890 1133 D'rum bring' du unſer Herz zur Ruh'
398 312 778 341 Was aber Uebels wir gethan,
450 1145 918 1175 Und ſchließ uns bald die Augen zu.
561 152 746 175 — 544 —
805 1355 978 1376 C. J. Ph. Bpitta.
450 1187 793 1214 Mit deiner Güte decke uns,
449 960 890 995 Wie ein vom Sturm bewegtes Meer,
449 1229 820 1259 Zur rechten Zeit erwecke uns.
396 838 862 869 Hältſt du nicht ſelbſt im Herzen auf
447 881 871 911 Der Sorgen und Gedanken Lauf,
450 438 902 470 Und zeichnen unſer Haus und Herz
448 261 891 291 Und Herz und Lippen preiſen dich.
347 1533 1005 1565 Der, ob er gut, ob böſ', mir immer Heil gebracht;
449 923 820 960 So fährt es aufgeregt einher,
449 1314 889 1344 Für dein Geſchenk, die gute Nacht.
449 745 916 775 Das Lager weich und warm und dicht:
449 218 801 248 Wir danken dafür inniglich,
450 523 937 555 Zu Glaubenstroſt und Glaubensmuth.
