1235 1757
400 714 830 750 Steigt der bunten Träume Chor
398 1109 817 1140 Regt ſich in den dürren Bäumen
397 620 750 652 Löſt ſie ſelbſt in Nebel auf.
399 449 757 479 Weithin unter ihr die Welt.
399 1066 772 1097 Sich ein wirres Daſein webt,
398 405 847 437 Und es ſchläft, vom Herbſt ertödtet,
399 758 817 789 Lichtverbannt auf dunklem Steige
388 529 748 565 Jhres Daſeins kurzer Lauf;
399 1501 819 1534 Sanften Hauchs, das letzte Blatt.
399 844 780 875 Müde von des Tages Sorgen,
349 671 767 703 Aus der Schatten düſterm Reiche
399 1416 747 1447 Einſam dort und lebensſatt,
401 1322 756 1354 Sie in nächt'ger Einſamkeit.
397 1153 812 1183 Jetzt ein Lüftchen, das noch lebt.
401 362 859 394 Schwebt die Wolk' am Himmelszelt,
397 1195 832 1226 Mit den Aeſten, mit den Zweigen
546 151 733 176 - 550 —
399 1459 770 1491 Sinkt, getragen vom Gefieder
397 1236 785 1269 Plaudert's von Vergänglichkeit.
287 1013 718 1054 Aber leis, indeß in Träumen
399 1280 811 1311 Seiner Rede lauſchend, ſchweigen
397 887 729 918 Auf das Lager hingeſtreckt,
399 929 906 960 Schläft und träumt ſie, bis der Morgen
389 491 822 529 Jn des Nebels Meer entſchwindet
350 304 787 350 Jon des Abends Schein geröthet,
399 1542 832 1576 Nach des Friedhofs nahen Mauern
395 972 755 1003 Sie zu neuen Sorgen weckt.
348 1374 764 1406 Und vom höchſten Wipfel nieder,
400 801 758 832 Zu der Menſchenwelt empor.
509 250 766 285 Das letzte Blatt.
399 577 803 607 Denn der Tod, der Alles findet,
