1223 1750
378 644 763 673 Daß sich in sußem Frauenkusse
782 1238 946 1259 Gottfried mhei.
366 1453 811 1482 Ein Ton so fremd und so bekannt,
363 1537 766 1567 Aus meiner Jugend Hirtenland.
320 1393 788 1440 ( durch die junge Seele schwinget
375 984 820 1014 Und Brüder nur, wohin im Reiche
379 430 832 461 Der froh nicht Eine Brust gemacht;
327 387 823 418 Jch weiß, daß nie ein Tag erglommen,
375 942 803 972 Das jede Menschenbrust durchzieht,
378 516 865 546 Der nicht Ein Lied der Welt gebracht.
505 1348 648 1384 Heimweh
373 1155 875 1185 Und durch des Kampfes Brandung rette
378 473 887 504 Daß nie nach Frost ein Lenz gekommen,
377 813 888 844 Und Nachts zum ernsten Sterngewimmel
379 600 844 630 Ein Schöpferstreben aufwärts schießt;
322 1069 756 1099 Ein Ring bin ich in großer Kette
378 856 813 886 Allwärts ein Auge gläubig schaut.
325 728 763 758 Jch weiß, daß überall der Himmel
380 344 858 375 Die Menschheit geht die gleiche Bahn.
511 152 661 173 — —
380 258 810 289 Schau' ich der Zeiten Ringen an:
381 301 804 332 Es wechseln Völker und Geschicke,
377 771 858 801 Mit Wolken droht, mit Lächeln blaut,
329 215 775 246 Mich irrt es nicht! Mit Liebesblicke
325 897 786 929 So schau' ich ewig nur das Gleiche,
375 1027 820 1057 Des Weltenrunds mein Auge sieht.
379 686 859 716 Ein milder Born von Kraft erschließt.
372 1198 811 1227 Das Kleinod ich der Menschlichkeit.
326 558 803 588 Jch weiß, daß aus des Bechers Gusse
372 1112 786 1142 Der Zukunft, der Vergangenheit;
364 1493 882 1526 Der Sehnsucht Alphorn ist's, das klinget
