1223 1750
396 628 837 658 Daß ich aus deinen grünen Hallen
448 1446 913 1477 Die dich nach deinem Kummer frägt,
449 1530 935 1568 Auch eine andre Brust erreicht,
451 1488 922 1519 Und wenn der Gram, der in dir ist,
394 967 957 998 Die Welt ist weit! Jch find' euch nimmer,
398 414 777 445 Wo meine schöne Hirtin sang,
342 372 837 402 Das Heimathland so grün und sonnig,
395 925 833 956 Des Alphorns Tönen mich zurück;
398 500 901 530 Ein Quell aus frischem Moose, sprang.
449 1405 797 1435 Wenn eigen eine Seele dir,
409 1301 797 1349 6 nn du eine Stätte hast,
399 457 895 488 Wo mir der Born des Lebens wonnig,
393 798 858 828 Des Kummers Mantel umzuschlagen,
397 586 725 615 Verlornes Jugendparadies,
860 1061 1012 1082 Alfred Keisner.
395 840 836 871 Und such' mein altes Heimathland.
340 712 804 743 Als hätt' ich einen Mord zu tragen,
399 329 798 360 Wo seine schöne Heimath liegt?
565 134 719 158 — 6 —
398 244 822 274 O Kranich, der dort fernab fliegt,
398 287 888 317 Könnt ihr dem müden Wandrer sagen,
393 754 843 785 Jrr' ich umher, verfehmt, verbannt,
399 202 878 231 O dunkler Strom voll wilder Klagen,
395 881 859 914 Umsonst ruft leis', und leiser immer
394 1011 791 1040 Verlorne Jugend, todtes Glück!
396 671 841 701 Erbarmungslos mich selbst verstieß!
448 1362 898 1391 Wohin dein müdes Haupt sich legt,
396 542 815 572 O Land der sanften Nachtigallen,
405 1230 874 1266 Es ist dein Segen ohne Maß.
