1223 1750
297 625 693 650 Denn wäre dein der Erde Gut
297 1438 795 1470 Der selbstgefällig will in sich verwesen?
299 1524 891 1554 Was eine Schrift, die nicht und nie zu lesen?
298 1481 869 1512 Was ein Gemüth, das nie die Rinde bricht?
600 978 899 997 — Wilhekm Uunltr.
348 410 778 440 Nie deinem goldnen Theile gleich;
347 367 789 391 O wie kommt alles Gut der Welt
348 925 734 956 Es ist dein Segen ohne Maß.
347 494 799 527 Bewahr' es als den höchsten Schatz,
246 1395 833 1427 Was ist der Geist, der nie zum Geiste spricht,
299 1311 872 1341 Weß Herz nicht dichtet, der faßt kein Gedicht.
348 452 777 484 Wenn dieses Glück dein eigen ist,
347 796 764 827 Wohl mancher sehnte sich danach,
349 582 800 614 Und räume nur für ihn den Platz.
253 1207 875 1256 fe tinen Frühling hat, dem blüht er nicht!
347 839 701 869 Der eine halbe Welt besaß:
347 710 762 741 Wie würdest du bei allem Gold,
346 324 819 355 Wie bist du glücklich dann und reich,
493 129 644 151 — 7 —
349 238 805 269 Auch auf ein ander Herz sich neigt:
298 280 698 311 Wie ist dein Segen ohne Maß,
347 753 802 783 Wie arm bei allem Reichthum sein!
348 195 815 226 Und wenn die Ruh', die dich erfüllt,
347 883 744 913 O wisse — Ueberglücklicher —
374 1135 770 1173 Wer keinen Frühling hat.
348 668 697 695 Und keine Seele wäre dein,
298 1353 942 1384 Und wer nicht liebt, dem wird nicht Liebe werden.
348 539 759 570 Wirf Alles aus dem Herzen fort
297 1268 945 1298 Wer schweigt, dem tönt kein Echo hier auf Erden!
