1223 1750
396 730 752 760 Wenn im regen Wogentanze
450 1456 868 1487 An mein Herz im Tongewimmel,
452 1539 869 1571 Mich Verwandelten gen Himmel!
451 1498 842 1529 Trag' auf deiner Engelschwinge
483 1175 835 1212 Schwebe, blaues Auge.
884 380 1024 401 Gttt Peechtler.
597 488 713 523 Fragen.
448 1028 761 1060 Erst' und letzte Liebe sei.
446 597 1029 632 Wenn ihr Reigen nächtlich webt,
398 1413 756 1445 Klinge, süße Stimme, klinge
865 1070 1026 1092 Anaftastms Grüu.
392 543 1037 597 diesn die Stern' am Hinmel blinken,
394 899 820 931 Und vermagst du's, so enträthslle,
447 687 827 718 Wo der Sterne letzter schwebt.
451 1286 827 1313 Unabwendbar ob dem meinen,
445 943 800 973 Löse mir das Schwerste frei,
445 815 815 846 O so zeig mir, wo die erste,
382 340 964 371 Wer keinen Frühling hat, dem blüht er nicht!
582 144 732 168 — 8 —
381 254 907 286 Kein Herz, das einsam, ohne Liebe bricht!
382 296 966 328 Nur wer sich selbst verlor, ist ein Verwaister!
446 858 813 888 Wo der Wellen letzte rauscht.
330 211 841 243 Es findet jeder Geist verwandte Geister!
447 986 889 1016 Wann nach Herzens Zeitenrechnung
401 1228 803 1277 chwebe, blaues Auge, schwebe
445 772 804 803 Welle mit der Welle tauscht,
451 1371 919 1402 Rings um mich in lichtem Scheinen.
444 644 822 674 Künde treu mir, wo der erste,
452 1327 858 1359 Einen Frühling wirk und webe
