1223 1750
267 635 761 666 Bis ich seine Blumen sehen,
304 1361 954 1393 Dann nippet und schlürft sie manch' rosiger Mund.
304 1448 928 1479 Die oft schon mein Mädchen zum Kusse mir bot,
306 1534 914 1564 So wird man zwei Reihen von Perlen gewahr.
253 1406 868 1436 Jch weiß ein Paar Lippen, wie Purpur so roth,
252 1062 827 1093 Jm Kelche des Veilchens, auf duftigem Blau,
407 421 805 451 Ein verheißend Frühlingswetter,
355 378 728 409 Ueberall ein Hoffnungsfchiller,
303 1019 852 1049 Da liegen die Muscheln mit Perlen gefullt.
406 507 738 537 Nachtigallen-Lustgeschmetter.
306 1320 938 1350 Sie kommen und schwinden auf goldenem Grund,
253 1233 793 1264 Wie schäumt im Pokale der feurige Wein!
406 464 758 494 Blüthenwellen, Lerchentriller,
252 873 908 925 Zuf Klippen des Meers, in der bnausenden Fluth,
405 592 769 623 Diesen letzten Lenz der Erde,
303 1148 879 1178 Fast schon von der glühenden Sonne geknickt,
303 934 880 965 Fischt mühsam der Taucher das kostliche Gut.
485 823 669 858 Die Perlen.
406 336 824 366 Sein in Strahlen und Akkorden.
503 141 654 164 — 5 —
406 249 827 281 Nun ist's plötlich Tag geworden,
406 293 806 323 Tag und Mai, ein wunderbares
735 718 904 741 Ktanz Pigelftedt.
357 207 859 237 Jüngst noch Nacht und Winter war es,
303 976 825 1006 Tief unten, von ewigem Dunkel umhüllt,
304 1104 927 1135 Wie schimmert die Perle von himmlischem Thau!
406 678 770 707 Seine Früchte brechen werde!
307 1277 861 1307 Er bildet sich Perlen von lockendem Schein.
359 549 744 580 Laß, o laß ihn nicht vergehen,
304 1191 919 1221 Wird neu von den Perlen das Veilchen erquickt.
306 1491 862 1521 Und öffnet sich lächelnd das blühende Paar,
