<?xml version="1.0" encoding="UTF-8" standalone="no"?><PcGts xmlns="http://schema.primaresearch.org/PAGE/gts/pagecontent/2017-07-15" xmlns:xsi="http://www.w3.org/2001/XMLSchema-instance" xsi:schemaLocation="http://schema.primaresearch.org/PAGE/gts/pagecontent/2017-07-15 http://schema.primaresearch.org/PAGE/gts/pagecontent/2017-07-15/pagecontent.xsd"><Metadata><Creator>User123</Creator><Created>2018-09-19T11:26:09</Created><LastChange>2018-09-19T13:51:57</LastChange></Metadata><Page imageFilename="0008.png" imageHeight="1750" imageWidth="1223"><TextRegion id="r0" type="paragraph"><Coords points="1,1 1221,1 1221,1748 1,1748"/><TextLine id="r0_012"><Coords points="385,678 848,678 848,708 385,708"/><TextEquiv index="1"><Unicode>Erst lockt es leise von den Zweigen;</Unicode></TextEquiv></TextLine><TextLine id="r0_027"><Coords points="434,1320 799,1320 799,1349 434,1349"/><TextEquiv index="1"><Unicode>Und wartet ihrer Wiederkehr.</Unicode></TextEquiv></TextLine><TextLine id="r0_029"><Coords points="436,1406 894,1406 894,1436 436,1436"/><TextEquiv index="1"><Unicode>Es naht des Winters rauhe Macht;</Unicode></TextEquiv></TextLine><TextLine id="r0_031"><Coords points="437,1489 905,1489 905,1521 437,1521"/><TextEquiv index="1"><Unicode>Und wieder wird's im Herzen Nacht.</Unicode></TextEquiv></TextLine><TextLine id="r0_028"><Coords points="388,1362 893,1362 893,1393 388,1393"/><TextEquiv index="1"><Unicode>Sie kehren nicht! — die Blätter fallen,</Unicode></TextEquiv></TextLine><TextLine id="r0_020"><Coords points="386,1020 918,1020 918,1050 386,1050"/><TextEquiv index="1"><Unicode>Ein jeder Wunsch prüft seine Schwingen;</Unicode></TextEquiv></TextLine><TextLine id="r0_007"><Coords points="845,364 1011,364 1011,384 845,384"/><TextEquiv index="1"><Unicode>Tugust Nchneziee.</Unicode></TextEquiv></TextLine><TextLine id="r0_006"><Coords points="522,442 828,442 828,480 522,480"/><TextEquiv index="1"><Unicode>Wandervüglein.</Unicode></TextEquiv></TextLine><TextLine id="r0_019"><Coords points="431,977 807,977 807,1007 431,1007"/><TextEquiv index="1"><Unicode>Jst neu erstanden über Nacht.</Unicode></TextEquiv></TextLine><TextLine id="r0_009"><Coords points="430,550 827,550 827,580 430,580"/><TextEquiv index="1"><Unicode>Das jeden Frühling wiederkehrt</Unicode></TextEquiv></TextLine><TextLine id="r0_026"><Coords points="431,1276 995,1276 995,1307 431,1307"/><TextEquiv index="1"><Unicode>Das Herz wird still und lauscht und zittert,</Unicode></TextEquiv></TextLine><TextLine id="r0_024"><Coords points="386,1191 796,1191 796,1221 386,1221"/><TextEquiv index="1"><Unicode>Sie fliegen aus in alle Weiten;</Unicode></TextEquiv></TextLine><TextLine id="r0_008"><Coords points="384,490 866,490 866,539 384,539"/><TextEquiv index="1"><Unicode>i soffnung ist ein Wandervöglein,</Unicode></TextEquiv></TextLine><TextLine id="r0_016"><Coords points="385,849 865,849 865,878 385,878"/><TextEquiv index="1"><Unicode>Bald hören wir ein leises Zwitschern;</Unicode></TextEquiv></TextLine><TextLine id="r0_011"><Coords points="431,634 835,634 835,666 431,666"/><TextEquiv index="1"><Unicode>Das arme Menschenherz bethört.</Unicode></TextEquiv></TextLine><TextLine id="r0_032"><Coords points="821,1531 1014,1531 1014,1549 821,1549"/><TextEquiv index="1"><Unicode>Rodeet Naldmuller,</Unicode></TextEquiv></TextLine><TextLine id="r0_022"><Coords points="431,1105 891,1105 891,1135 431,1135"/><TextEquiv index="1"><Unicode>Rings athmet Alles Lust und Liebe,</Unicode></TextEquiv></TextLine><TextLine id="r0_017"><Coords points="431,892 890,892 890,922 431,922"/><TextEquiv index="1"><Unicode>Was wir gewünscht, ersehnt, erdacht,</Unicode></TextEquiv></TextLine><TextLine id="r0_014"><Coords points="431,764 927,764 927,793 431,793"/><TextEquiv index="1"><Unicode>Dann kommt es näher, endlich baut es</Unicode></TextEquiv></TextLine><TextLine id="r0_005"><Coords points="368,322 946,322 946,352 368,352"/><TextEquiv index="1"><Unicode>O locke nur Thränen der Freude hervor!</Unicode></TextEquiv></TextLine><TextLine id="r0_001"><Coords points="557,129 723,129 723,152 557,152"/><TextEquiv index="1"><Unicode>— 1i —</Unicode></TextEquiv></TextLine><TextLine id="r0_003"><Coords points="367,237 916,237 916,269 367,269"/><TextEquiv index="1"><Unicode>Sie haben dort droben das höchste Gewicht,</Unicode></TextEquiv></TextLine><TextLine id="r0_004"><Coords points="368,279 934,279 934,311 368,311"/><TextEquiv index="1"><Unicode>Sie steigen verkläret zum Himmel empor —</Unicode></TextEquiv></TextLine><TextLine id="r0_015"><Coords points="431,806 908,806 908,837 431,837"/><TextEquiv index="1"><Unicode>Sein Nest wohl gar in unsrer Brust.</Unicode></TextEquiv></TextLine><TextLine id="r0_002"><Coords points="315,195 904,195 904,227 315,227"/><TextEquiv index="1"><Unicode>Doch giebt es noch Perlen von reinerem Licht,</Unicode></TextEquiv></TextLine><TextLine id="r0_018"><Coords points="433,934 937,934 937,965 433,965"/><TextEquiv index="1"><Unicode>Ach, was wir längst gestorben wähnten,</Unicode></TextEquiv></TextLine><TextLine id="r0_021"><Coords points="430,1063 858,1063 858,1093 430,1093"/><TextEquiv index="1"><Unicode>Der Himmel ist so blau, so rein;</Unicode></TextEquiv></TextLine><TextLine id="r0_013"><Coords points="431,721 881,721 881,751 431,751"/><TextEquiv index="1"><Unicode>Wir lauschen ihm mit scheuer Lust;</Unicode></TextEquiv></TextLine><TextLine id="r0_025"><Coords points="436,1234 844,1234 844,1263 436,1263"/><TextEquiv index="1"><Unicode>Verlassen ist das Nest und leer;</Unicode></TextEquiv></TextLine><TextLine id="r0_010"><Coords points="431,591 892,591 892,623 431,623"/><TextEquiv index="1"><Unicode>Und mit den Liedern schönirer Lenze</Unicode></TextEquiv></TextLine><TextLine id="r0_023"><Coords points="432,1148 864,1148 864,1179 432,1179"/><TextEquiv index="1"><Unicode>Warum verzagt und traurig sein?</Unicode></TextEquiv></TextLine><TextLine id="r0_030"><Coords points="433,1448 854,1448 854,1478 433,1478"/><TextEquiv index="1"><Unicode>Das Wandervöglein ist entflohen,</Unicode></TextEquiv></TextLine><TextEquiv><Unicode>Erst lockt es leise von den Zweigen;
Und wartet ihrer Wiederkehr.
Es naht des Winters rauhe Macht;
Und wieder wird's im Herzen Nacht.
Sie kehren nicht! — die Blätter fallen,
Ein jeder Wunsch prüft seine Schwingen;
Tugust Nchneziee.
Wandervüglein.
Jst neu erstanden über Nacht.
Das jeden Frühling wiederkehrt
Das Herz wird still und lauscht und zittert,
Sie fliegen aus in alle Weiten;
i soffnung ist ein Wandervöglein,
Bald hören wir ein leises Zwitschern;
Das arme Menschenherz bethört.
Rodeet Naldmuller,
Rings athmet Alles Lust und Liebe,
Was wir gewünscht, ersehnt, erdacht,
Dann kommt es näher, endlich baut es
O locke nur Thränen der Freude hervor!
— 1i —
Sie haben dort droben das höchste Gewicht,
Sie steigen verkläret zum Himmel empor —
Sein Nest wohl gar in unsrer Brust.
Doch giebt es noch Perlen von reinerem Licht,
Ach, was wir längst gestorben wähnten,
Der Himmel ist so blau, so rein;
Wir lauschen ihm mit scheuer Lust;
Verlassen ist das Nest und leer;
Und mit den Liedern schönirer Lenze
Warum verzagt und traurig sein?
Das Wandervöglein ist entflohen,</Unicode></TextEquiv></TextRegion></Page></PcGts>