1223 1750
315 699 708 728 Armes, schwaches Menschenherz,
299 1497 764 1529 Die Brust, die eist so heiß gewallt,
299 1540 597 1571 Vergißt, wie sie geliebt.
253 1224 723 1273 G e' es blos der Wange Pract,
314 484 825 515 Hoffnung kemmt, ein schwaches Hälmchen,
315 442 802 475 Nach dem Sturm des Himmels Blau;
463 1163 658 1199 Herbstgefühl.
314 570 730 600 Hoffnung leuchtet unter Thränen,
300 1455 668 1485 Und wie der Blick sich trübt,
299 1370 671 1401 Daß auch das Herz verblüht;
316 528 693 557 Auch aus nackter Felsenwand;
317 868 648 899 Täglich neue Netze spannt,
266 656 647 687 Schon so tausendfach betrogen,
727 1003 925 1025 Kanz Khrt. Gaud.
316 912 689 943 Kreuze auch dunch ihre Fäden
315 782 717 814 Gläubig trauernd himmelwärts:
314 400 806 430 Hoffnung taucht, wie aus den Wolken
470 148 639 170 — 11 —
265 297 744 351 Wofnung schlummert tief im Herzen,
316 357 694 386 Wie im Lilienkelch der Thau;
315 826 638 856 Wie Arachne unverdrossen
483 235 629 271 Hoffnung.
317 954 746 985 Täglich rauh des Schicksals Hand.
298 1285 642 1315 Die mit den Jahren flieht!
313 742 703 771 Jmmer wendest du dich wieder
247 1412 691 1443 Daß, wie der Jugend Ruf verhallt
320 613 686 642 Wie im Wasser der Demant.
299 1326 812 1358 Doch das ist's, was mich traurig macht,
