1223 1750
449 595 793 624 Warum, wir wissens kaum,
374 1376 972 1405 Des Tempels, wo die Himmelsflamme brennet:
375 1460 932 1492 Vom Leben stammt, allein mit Leben füllet.
374 1417 921 1449 Sie ist der Born, der ewiges Leben quillet,
375 1075 962 1106 Befruchtet, tränkt und reift in allen Sphären!
395 382 989 412 Die Nacht kommt, mit der Nacht der Schmerz,
448 338 781 368 Das über Gräbern sprießt.
375 1032 958 1064 Be geist'rung ist die Sonne, die das Leben
447 466 899 497 Nach Thränen sehnt sich unser Herz,
374 1333 913 1363 Längst waren ohne sie zerstäubt die Hallen
375 1246 1028 1278 Sie sucht das Höchste stets, wie sie's erkennet! —
448 425 770 454 Der eitle Flimmer bricht;
844 729 1010 746 Emanue Beibel.
396 550 863 581 Wir sind so arm, wir sind so müd',
375 1161 903 1193 Mag sie im Liede kühn die Flügel heben,
325 931 1008 978 (is Kern des Lichts fließt aus in hundert Strahlen,
445 680 798 711 Und alles Glück ist Traum.
448 294 879 326 's ist nur ein heuchlerisches Grun,
395 211 431 234 Ob
450 210 840 240 von der Lippe dann auch kühn
449 253 839 283 Sich Wit und Scherz ergießt,
507 868 831 904 Ein Kern des Lichts.
583 144 754 166 — 172 —
376 990 900 1021 Die gottentflammte Abkunft zu bewähren,
376 1119 967 1149 Jn welchem Spiegel sich ihr Bild mag malen.
447 636 901 668 Wir fühlen nur, das Herz verblüht,
374 1289 953 1321 Längst im Gemeinen wär' die Welt zerfallen,
448 509 885 539 Und findet Thränen nicht.
375 1204 759 1235 Mag Herz zu Herz sie streben,
823 1509 1054 1531 T. C. Krhr. van Jedliz.
