1223 1750
355 670 737 700 Wie entfernt von träger Ruh,
331 1360 783 1395 Der Glaube der Freundschaft.
266 1465 790 1495 Und in sein Herz hast tief hineingeschaut,
264 1550 806 1580 Jn dessen reiner Fluth der Himmel blaut:
335 1422 789 1452 eines Menschen Seele du gewonnen,
296 1059 723 1095 Der beider Bild vereinigt hält.
313 457 688 487 Deine Lust und deine Wonne
351 414 766 444 Und um Etwas fühlen Schmerz.
331 1016 747 1048 Das Auge ist der lichte Spiegel,
352 542 781 573 Soll vergeblich Mond und Sonne
706 1280 880 1301 Emil ittetshaus.
332 1187 734 1218 So sieht auch jeder seine Seele,
237 499 743 534 Mußt du an was immer sehn,
708 804 874 825 KKriedrich Rücent.
314 627 741 658 Gleich von unbegrenztem Sehnen,
214 1404 315 1447 e
298 912 780 962 ie Wett ist eine große Seele
352 755 763 785 Wie ein Strom, dem Meere zu.
352 373 700 402 Etwas zu verlieren bangen,
472 153 642 176 — 13 —
314 271 730 316 (ts wünschen und verlangen,
352 329 717 359 Etwas hoffen muß das Herz,
468 868 638 904 Das Augt.
437 224 693 258 Etwas wünschen.
332 973 751 1002 Und jede Seele eine Welt;
282 1102 706 1133 Und, wie sich dir in jedem Auge
350 713 739 743 Müsse sich mein Leben dehnen,
333 1230 798 1261 Sein eignes Jch nur in der Welt!
353 586 677 615 Nicht an dir vorubergehn.
333 1144 730 1176 Dein eignes Bild entgegenstellt,
265 1507 786 1537 Und ihn befunden einen klaren Bronnen,
