1223 1750
396 733 810 764 Nach Einem Ziele fort und fort,
397 1349 891 1379 Jm Quell, der mild vom Auge rinnt!
398 1449 820 1480 Verzehren sich in gleichem Gram:
398 1533 776 1562 Das einst dich selber überkam.
346 1406 782 1438 Viel tausend andre Menschenherzen
345 1049 883 1079 Wohl oft zerfloß dein Sinn in Wehmuth,
363 423 852 453 Bis dicht an die Unmöglichkeit hinan:
310 380 793 410 Laß adlermuthig deine Liebe schweifen,
398 989 910 1021 Ein Mensch, ein ganzer Mensch zu sein.
364 507 983 538 So fängt der Freundschaft frommer Glaube an.“
398 1305 914 1336 O deine Trauer laß sich schlichteni
397 1220 948 1251 Du darfst nicht streng die Menschen richten,
363 465 1024 495 Kannst du des Freundes Thun nicht mehr begreifen,
397 861 873 892 Es heißt dich, treu im Andern leben,
346 674 814 721 G us des Herzens Zug sich richten
396 1135 830 1165 Das, hochbegnadet, du in Demuth
397 904 873 934 Es führt dich selbst zum Frieden ein,
394 776 920 806 Und all dein Denken, Thun und Dichten
361 337 926 373 Kein größer Glück, als ein vertrauend Herz!
566 144 736 166 — 14 —
363 252 922 282 Und trage lieber der Enttäuschung Schmerz,
365 294 1040 325 Als daß du grundlos ihm entziehst den Glauben —
394 817 863 849 Durchglüh' ein mächtig Losungswort;
312 210 886 239 Laß deine Zuversicht dann Nichts dir rauben,
395 946 860 976 Du mußt nur unablässig streben —
397 1092 858 1121 Wenn dir ein Pfand entrissen ward,
911 549 1022 569 lir Wahn.
398 1263 823 1294 Entsagen muß, wer hier gewinnt,
554 627 753 664 Losungswhrt.
398 1178 810 1208 Als heilig Erbtheil dir bewahrt:
399 1491 888 1523 So hilf ein fremdes Leid verschmerzen,
