1223 1750
256 786 705 817 Sollst du dir ew'ge Ruh' erwerben,
321 1542 804 1576 O thu' ihm, was du kannst, zu lieb!
322 1245 830 1272 Die Stunde kommt, die Stunde kommt,
741 388 883 409 eiich Uhle.
503 543 628 575 Sterhen.
322 1201 765 1233 O lieb', so lang' du lieben magst!
309 659 794 689 Wenn dir den Kranz die Freude flicht,
271 1501 706 1531 Und wer dir seine Brust erschließt,
321 1414 869 1449 So langs ihm noch ein ander Herz
258 599 757 646 a daef im süßen Traum der Wonne,
425 1087 696 1118 Der Lebe Daner.
309 744 738 774 Nicht löschen aus dein Lebenslicht.
272 1330 684 1361 Und sorge, daß dein Herze glüht
714 956 888 977 Emil Rtttershau.
308 872 784 903 Erst muß des Baumes Blüthe sterben
341 345 880 374 Die weinend Andern Rofen streut.
480 151 651 173 — 13 —
342 260 729 289 Und deine Seele wird geweiht
341 302 802 333 Zum Heiligthum der schönsten Liebe,
244 916 799 947 Und dann erst stirbt der Blüthenbaum.
342 217 769 246 Es läutern sanft sich deine Triebe
272 1143 738 1191 H tt', so lang' du lieben kannst!
323 1288 805 1318 Wo du an Gräbern stehst und klagst!
307 830 784 860 So stirbt zuvor dein schönster Traum
320 1458 720 1489 Jn Liebe warm entgegenschlägt!
308 701 696 731 Nicht sinken deine Lebenssonne,
322 1373 734 1403 Und Liebe hegt und Liebe trägt,
