1223 1750
364 637 836 667 Dann kniest du nieder an der Gruft,
418 1279 909 1309 Doch still — er ruht, er ist am Ziel!
419 1363 860 1395 O lieb', so lang' du lieben magst!
420 1450 902 1479 Wo du an Gräbern stehst und klagst!
407 1320 814 1352 lieb', so lang' du lieben kannst!
366 978 793 1009 Er aber sieht und hört dich nicht,
416 423 826 453 Der Andre aber geht und klagt.
416 379 915 410 O Gott, es war nicht bös gemeint, —
417 935 873 966 O Gott, es war nicht bös gemeint!
415 507 858 539 O lieb', so lang' du lieben magst!
418 1236 926 1266 Um dich und um dein herbes Wort —
367 1149 798 1180 Er that's, vergab dir lange schon,
406 464 812 496 lieb', so lang' du lieben kannst!
366 807 865 839 Und sprichst: O schau' auf mich herab,
413 595 894 625 Wo du an Gräbern stehst und klagst!
813 1489 1027 1511 Ferdinand Keüligrath.
417 1064 897 1094 Der Mund, der oft dich küßte, spricht
415 851 850 881 Der hier an deinem Grabe weint!
416 723 955 753 — Sie sehn den Andern nimmermeh —
414 337 825 368 Bald ist ein böses Wort gesagt!
568 142 739 165 — 16 —
417 250 869 281 Und mach ihm keine Stunde trüb!
363 295 730 324 Und hüte deine Zunge wohl,
416 764 835 796 Jn's lange, feuchte Kirchhofsgras.
415 207 848 238 Und mach' ihm jede Stunde froh,
416 892 858 924 Vergib, daß ich gekränkt dich hab'!
417 1021 946 1052 Kommt nicht, daß du ihn froh umfängst;
416 675 887 711 Und birgst die Augen, trüb und naß
418 1192 803 1223 Doch manche heiße Thräne fiel
415 550 924 579 Die Stunde kommt, die Stunde kommt,
418 1106 853 1137 Nie wieder: ich vergab dir längst!
418 1408 925 1435 Die Stunde kommt, die Stunde kommt,
