1223 1750
285 610 779 641 schöner muß der Todte dich begleiten,
364 1200 660 1230 Stets wieder auferstehn,
362 1284 715 1316 Mit dir durch's Leben gehn.
361 1371 667 1401 Jn Andrer Herz hinein;
363 1243 644 1273 Als gute, lichte Cngel
313 974 598 1024 egabe deine Todten
227 439 808 470 Da fühlst du bald, daß Jener, der geschieden,
278 397 1035 428 Jm Wald, am Meer, auf Steigen längst gemieden.
401 928 746 964 Begrahe deine Todten.
279 482 708 513 Lebendig dir im Herzen auferstehe,
366 1158 632 1188 werden sie im Herzen
366 1072 839 1101 So werden sie dein Leben
226 611 265 638 Ja.
277 782 978 812 Vom Grabe springt, dem wir den Staub nur weihten;
278 568 877 598 Und aus den Thränen blüht ein tiefer Frieden.
362 1455 664 1485 Ein ewig Lebender seimn.
364 1413 842 1444 So wirst du, und bist du ein Todter,
363 1029 692 1060 Tief in dein Herz hinein;
274 825 783 855 Und was du ewig liebst, ist ewig dein.
278 696 878 727 Und treuer — denn du hast ihn alle Zeiten.
279 355 809 385 Daß ernst und still es sich mit dir ergehe
774 1496 889 1513 Carl Hiehel.
487 132 657 155 — 17 —
230 250 823 302 Fss Einer starb, den du geliebt hienieden,
279 309 839 341 So trag' hinaus zur Cinsamkeit dein Wehe,
226 738 867 770 Das Herz hat auch sein Ostern. wo der Stein
474 205 675 241 Auferstehung.
482 873 646 894 a   —
312 1157 347 1181 So
278 652 922 684 Um's Haupt der Schmerzverklärung lichten Schein,
363 1113 622 1145 Lebend'ge Todte sein.
279 525 848 557 Jn Luft und Schatten spürst du seine Nähe,
747 866 906 883 Emanutl Betdel.
310 1327 626 1358 Begrab' dein eigen Leben
