1223 1750
330 640 760 670 Mit trautem Gruß an dich heran,
361 1294 724 1324 Stille sind die frohen Lieder,
309 1378 738 1410 Droben bringt man sie zu Grabe,
360 1463 670 1493 Hirtenknabe, Hirtenknabe!
360 1336 741 1366 Und der Knabe lauscht empor.
313 1023 648 1073 iaben sehet de Kupelle
281 426 694 458 Verklungne Kinderträume tauchen
332 384 777 415 Cs wird so sanft, so hold, so hell!
474 986 666 1021 Die Kapelle.
331 512 820 542 Umgaukeln dein Gemüth, und hauchen
362 1252 701 1282 Schauerlich der Leichenchor;
366 1164 750 1197 Froh und hell der Hirtenknab'.
332 469 813 500 Aus Nacht und Trümmerschutt empor,
329 810 795 840 Dein Herz wird wieder kleines Kind,
281 597 684 625 Die lieben Todten kommen leise
729 1542 888 1563 uduuug Uhlaud—
360 1506 778 1537 Dir auch singt man dort einmal.
365 1081 739 1112 Schauet still in's Thal hinab,
330 853 795 883 Und weiß doch selber nicht zu sagen,
330 725 722 754 Mit ihren lieben Stimmen an.
333 341 873 373 So flüsternd rauscht das Schilf im Winde,
771 1581 803 1599 2*
488 137 658 162 — 19 —
286 239 736 285 Ez ird so lau, es wurd so hinde,
333 299 832 334 So heimlich plaudern Bach und Quell,
252 767 740 798 — Die Rinde schmilzt, die du getragen,.
425 201 721 233 Die lieben Todten.
330 895 758 925 Warum so heiß die Thräne rinnt.
692 931 877 949 Rabert aldmulee
329 682 713 712 Und reden dich in ihrer Weise
312 1209 736 1240 Traurig tönt das Glöcklein nieder
329 552 713 585 Vergess'ne Laute dir in's Ohr.
365 1123 827 1155 Drunten singt bei Wies' und Quelle
359 1420 746 1452 Die sich freuten in dem Thal;
