1223 1750
450 669 764 699 Die Vögel singen weiter.
415 1364 861 1394 Ein müdes Menschenherz zu betten.
415 1449 831 1480 Die Augen sanft dir zuzudrücken,
414 1533 895 1564 Dir deinen Sarg noch auszuschmücken.
364 1407 761 1438 Und du auch findest eine Hand,
366 1049 908 1095 Gt Rachts auch thränenfeucht dein Pfühl,
451 455 796 485 So eilig kann verschmerzen.
450 413 862 443 Die mit getragen Leid und Lust,
467 1003 874 1037 Einst wirst du schlummern.
449 541 817 570 Das Grab wird selber heiter.
416 1320 984 1352 Vier Bretter nur braucht's dünn und schmal,
363 1236 801 1267 Vergehe nicht in Angst und Qual,
399 498 847 528 Gras wächst darüber, ach wie bald!
448 839 843 869 Darunter liegt ein Herze kaum,
446 626 923 656 So geht ein Leben aus der Welt —
414 1150 953 1181 Einst wirst du schlummern sanft und kühl,
450 882 784 913 So ist es schon vergessen.“
449 753 799 785 Was flüstern die Cpressen?
450 368 907 400 Daß man die treu'ste Menschenbrust,
587 145 757 169 — 20 —
400 268 861 315 Fls ich in snllen Riedhof geh',
451 327 840 358 Wird mir so schwer zu Herzen,
450 795 948 827 „Wir steh'n aüf einem fchmalen Raum,
411 216 935 253 Wenn ich im stillen Friedhof geh'.
846 923 1025 948 luduwig sfau.
413 1108 783 1138 Und heiß die ruhelosen Lider,
437 711 841 742 Menschenherz mit deinem Stol!
415 1279 864 1309 Es eilt die Stunde, dich zu retten;
449 583 946 612 Wie wenn ein Blatt vom Wipfel fällt,
416 1193 915 1223 Und keine Sorge weckt dich wieder.
415 1491 801 1519 Mit einer Blume, einem Band
