1223 1750
378 644 763 673 Daß ſich in ſußem Frauenkuſſe
375 1027 820 1057 Des Weltenrunds mein Auge ſieht.
326 558 803 588 Jch weiß, daß aus des Bechers Guſſe
327 387 823 418 Jch weiß, daß nie ein Tag erglommen.
375 984 820 1014 Und Brüder nur, wohin im Reiche
380 344 858 375 Die Menſchheit geht die gleiche Bahn.
379 686 859 716 Ein milder Born von Kraft erſchließt.
378 473 887 504 Daß nie nach Froſt ein Lenz gekommen,
364 1493 882 1526 Der Sehnſucht Alphorn iſt's, das klinget
377 771 858 801 Mit Wolken droht, mit Lächeln blaut,
379 600 844 630 Ein Schöpferſtreben aufwärts ſchießt;
320 1393 788 1440 Gt durch die junge Seele ſchwinget
505 1348 648 1384 Heimweh
322 1069 756 1099 Ein Ring bin ich in großer Kette
381 301 804 332 Es wechſeln Völker und Geſchicke,
372 1112 786 1142 Der Zukunft, der Vergangenheit;
511 152 661 173 — -
366 1453 811 1482 Ein Ton ſo fremd und ſo bekannt,
373 1155 875 1185 Und durch des Kampfes Brandung rette
375 942 803 972 Das jede Menſchenbruſt durchzieht,
372 1198 811 1227 Das Kleinod ich der Menſchlichkeit.
377 813 888 844 Und Nachts zum ernſten Sterngewimmel
378 856 813 886 Allwärts ein Auge gläubig ſchaut.
379 430 832 461 Der froh nicht Eine Bruſt gemacht;
380 258 810 289 Schau' ich der Zeiten Ringen an:
363 1537 766 1567 Aus meiner Jugend Hirtenland.
325 897 786 929 So ſchau' ich ewig nur das Gleiche,
782 1238 946 1259 Goltfried Qinhel.
325 728 763 758 Jch weiß, daß überall der Himmel
329 215 775 246 Mich irrt es nicht! Mit Liebesblicke
378 516 865 546 Der nicht Ein Lied der Welt gebracht.
