1223 1750
396 628 837 658 Daß ich aus deinen grünen Hallen
394 1011 791 1040 Verlorne Jugend, todtes Glück!
396 542 815 572 O Land der ſanften Nachtigallen,
342 372 837 402 Das Heimathland ſo grün und ſonnig,
394 967 957 998 Die Welt iſt weit! Jch find' euch nimmer,
399 329 798 360 Wo ſeine ſchöne Heimath liegt?
396 671 841 701 Erbarmungslos mich ſelbſt verſtieß!
399 457 895 488 Wo mir der Born des Lebens wonnig,
393 754 843 785 Jrr' ich umher, verfehmt, verbannt,
397 586 725 615 Verlornes Jugendparadies,
451 1488 922 1519 Und wenn der Gram, der in dir iſt,
449 1405 797 1435 Wenn eigen eine Seele dir,
860 1061 1012 1082 Alred Meiſner.
398 287 888 317 Könnt ihr dem müden Wandrer ſagen,
405 1230 874 1266 Es iſt dein Segen ohne Maß.
565 134 719 158 — 6 —
449 1530 935 1568 Auch eine andre Bruſt erreicht,
409 1301 797 1349 0 wenn du eine Stätte haſt.
395 925 833 956 Des Alphorns Tönen mich zurück;
448 1362 898 1391 Wohin dein müdes Haupt ſich legt,
393 798 858 828 Des Kummers Mantel umzuſchlagen,
395 840 836 871 Und ſuch' mein altes Heimathland.
398 414 777 445 Wo meine ſchöne Hirtin ſang,
398 244 822 274 O Kranich, der dort fernab fliegt,
395 881 859 914 Umſonſt ruft leiſ', und leiſer immer
448 1446 913 1477 Die dich nach deinem Kummer frägt,
340 712 804 743 Als hätt' ich einen Mord zu tragen,
399 202 878 231 O dunkler Strom voll wilder Klagen,
398 500 901 530 Ein Quell aus friſchem Mooſe, ſprang.
