1223 1750
297 625 693 650 Denn wäre dein der Erde Gut
374 1135 770 1173 Wer keinen Frühling hat.
348 539 759 570 Wirf Alles aus dem Herzen fort
347 367 789 391 O wie kommt alles Gut der Welt
600 978 899 997 Wunher.
346 324 819 355 Wie biſt du glücklich dann und reich,
348 668 697 695 Und keine Seele wäre dein,
348 452 777 484 Wenn dieſes Glück dein eigen iſt,
347 753 802 783 Wie arm bei allem Reichthum ſein!
349 582 800 614 Und räume nur für ihn den Platz.
298 1481 869 1512 Was ein Gemüth, das nie die Rinde bricht?
246 1395 833 1427 Was iſt der Geiſt, der nie zum Geiſte ſpricht,
253 1207 875 1256 Jle teinen Frühling hat, dem blüht er nicht!
298 280 698 311 Wie iſt dein Segen ohne Maß,
297 1268 945 1298 Wer ſchweigt, dem tönt kein Echo hier auf Erden!
493 129 644 151 — 7 —
299 1524 891 1554 Was eine Schrift, die nicht und nie zu leſen?
299 1311 872 1341 Weß Herz nicht dichtet, der faßt kein Gedicht.
348 925 734 956 Es iſt dein Segen ohne Maß.
298 1353 942 1384 Und wer nicht liebt, dem wird nicht Liebe werden.
347 796 764 827 Wohl mancher ſehnte ſich danach,
347 839 701 869 Der eine halbe Welt beſaß:
348 410 778 440 Nie deinem goldnen Theile gleich;
349 238 805 269 Auch auf ein ander Herz ſich neigt:
347 883 744 913 O wiſſe — Ueberglücklicher —
297 1438 795 1470 Der ſelbſtgefällig will in ſich verweſen?
347 710 762 741 Wie würdeſt du bei allem Gold,
348 195 815 226 Und wenn die Ruh', die dich erfüllt,
347 494 799 527 Bewahr' es als den höchſten Schatz,
