1223 1750
396 730 752 760 Wenn im regen Wogentanze
401 1228 803 1277 Pchwebe, blaues Auge, ſchwebe
444 644 822 674 Künde treu mir, wo der erſte,
597 488 713 523 Fragen.
483 1175 835 1212 Schwebe, blaues Auge.
382 340 964 371 Wer keinen Frühling hat, dem blüht er nicht!
445 772 804 803 Welle mit der Welle tauſcht,
392 543 1037 597 Jlenn die Stern' am Himmel blinken,
446 858 813 888 Wo der Wellen letzte rauſcht.
447 687 827 718 Wo der Sterne letzter ſchwebt.
451 1498 842 1529 Trag' auf deiner Engelſchwinge
398 1413 756 1445 Klinge, ſüße Stimme, klinge
451 1286 827 1313 Unabwendbar ob dem meinen,
382 296 966 328 Nur wer ſich ſelbſt verlor, iſt ein Verwaister!
452 1327 858 1359 Einen Frühling wirk' und webe
582 144 732 168 — 8 —
452 1539 869 1571 Mich Verwandelten gen Himmel!
865 1070 1026 1092 Anaſtaſius Grim.
448 1028 761 1060 Erſt' und letzte Liebe ſei.
451 1371 919 1402 Rings um mich in lichtem Scheinen.
394 899 820 931 Und vermagſt du's, ſo enträthſ'le,
445 943 800 973 Löſe mir das Schwerſte frei,
884 380 1024 401 Otto Prechtler.
381 254 907 286 Kein Herz, das einſam, ohne Liebe bricht!
447 986 889 1016 Wann nach Herzens Zeitenrechnung
450 1456 868 1487 An mein Herz im Tongewimmel,
445 815 815 846 O ſo zeig' mir, wo die erſte,
330 211 841 243 Es findet jeder Geiſt verwandte Geiſter!
446 597 1029 632 Wenn ihr Reigen nächtlich webt,
