1223 1750
267 635 761 666 Bis ich ſeine Blumen ſehen,
304 1104 927 1135 Wie ſchimmert die Perle von himmliſchem Thau!
359 549 744 580 Laß, o laß ihn nicht vergehen,
355 378 728 409 Ueberall ein Hoffnungsſchiller,
252 1062 827 1093 Jm Kelche des Veilchens, auf duftigem Blau,
406 336 824 366 Sein in Strahlen und Akkorden.
406 678 770 707 Seine Früchte brechen werde!
406 464 758 494 Blüthenwellen, Lerchentriller,
306 1491 862 1521 Und öffnet ſich lächelnd das blühende Paar,
735 718 904 741 Fran ingelſtedt.
405 592 769 623 Dieſen letzten Lenz der Erde,
253 1406 868 1436 Jch weiß ein Paar Lippen, wie Purpur ſo roth,
306 1320 938 1350 Sie kommen und ſchwinden auf goldenem Grund,
303 1148 879 1178 Faſt ſchon von der glühenden Sonne geknickt,
406 293 806 323 Tag und Mai, ein wunderbares
304 1191 919 1221 Wird neu von den Perlen das Veilchen erquickt.
503 141 654 164 - 9 —
304 1448 928 1479 Die oft ſchon mein Mädchen zum Kuſſe mir bot,
253 1233 793 1264 Wie ſchäumt im Pokale der feurige Wein!
303 1019 852 1049 Da liegen die Muſcheln mit Perlen gefullt.
307 1277 861 1307 Er bildet ſich Perlen von lockendem Schein.
252 873 908 925 Zuf Klippen des Meers, in der brauſenden Fluth.
303 934 880 965 Fiſcht mühſam der Taucher das koſtliche Gut,
407 421 805 451 Ein verheißend Frühlingswetter,
406 249 827 281 Nun iſt's plötzlich Tag geworden,
306 1534 914 1564 So wird man zwei Reihen von Perlen gewahr.
303 976 825 1006 Tief unten, von ewigem Dunkel umhüllt,
304 1361 954 1393 Dann nippet und ſchlürft ſie manch' roſiger Mund.
485 823 669 858 Die Perlen.
357 207 859 237 Jüngſt noch Nacht und Winter war es,
406 507 738 537 Nachtigallen⸗Luſtgeſchmetter.
