1223 1750
385 678 848 708 Erſt lockt es leiſe von den Zweigen;
821 1531 1014 1549 Rodert Waldmuller.
430 1063 858 1093 Der Himmel iſt ſo blau, ſo rein;
431 591 892 623 Und mit den Liedern ſchön'rer Lenze
522 442 828 480 Wandervöglein.
386 1020 918 1050 Ein jeder Wunſch prüft ſeine Schwingen;
368 322 946 352 O locke nur Thränen der Freude hervor!
431 721 881 751 Wir lauſchen ihm mit ſcheuer Luſt;
384 490 866 539 Hi Hoffnung iſt ein Wandervöglein,
433 1448 854 1478 Das Wandervöglein iſt entflohen,
431 806 908 837 Sein Neſt wohl gar in unſrer Bruſt.
431 634 835 666 Das arme Menſchenherz bethört.
388 1362 893 1393 Sie kehren nicht! — die Blätter fallen,
431 1276 995 1307 Das Herz wird ſtill und lauſcht und zittert,
431 1105 891 1135 Rings athmet Alles Luſt und Liebe,
368 279 934 311 Sie ſteigen verkläret zum Himmel empor —
432 1148 864 1179 Warum verzagt und traurig ſein?
557 129 723 152 — 10 —
436 1406 894 1436 Es naht des Winters rauhe Macht;
386 1191 796 1221 Sie fliegen aus in alle Weiten;
431 977 807 1007 Jſt neu erſtanden über Nacht.
436 1234 844 1263 Verlaſſen iſt das Neſt und leer;
385 849 865 878 Bald hören wir ein leiſes Zwitſchern;
431 892 890 922 Was wir gewünſcht, erſehnt, erdacht,
845 364 1011 384 Anguſt Schnezier.
367 237 916 269 Sie haben dort droben das höchſte Gewicht,
437 1489 905 1521 Und wieder wird's im Herzen Nacht.
433 934 937 965 Ach, was wir längſt geſtorben wähnten,
434 1320 799 1349 Und wartet ihrer Wiederkehr.
431 764 927 793 Dann kommt es näher, endlich baut es
315 195 904 227 Doch giebt es noch Perlen von reinerem Licht,
430 550 827 580 Das jeden Frühling wiederkehrt
