1223 1750
315 699 708 728 Armes, ſchwaches Menſchenherz,
298 1285 642 1315 Die mit den Jahren flieht!
320 613 686 642 Wie im Waſſer der Demant.
315 442 802 475 Nach dem Sturm des Himmels Blau;
253 1224 723 1273 ( wär' es blos der Wange Pracht.
314 400 806 430 Hoffnung taucht, wie aus den Wolken
313 742 703 771 Jmmer wendeſt du dich wieder
316 528 693 557 Auch aus nackter Felſenwand;
315 826 638 856 Wie Arachne unverdroſſen
266 656 647 687 Schon ſo tauſendfach betrogen.
299 1540 597 1571 Vergißt, wie ſie geliebt.
300 1455 668 1485 Und wie der Blick ſich trübt,
727 1003 925 1025 Franz Frhr. Gaudy.
316 357 694 386 Wie im Lilienkelch der Thau;
299 1326 812 1358 Doch das iſt's, was mich traurig macht,
470 148 639 170 — 11 —
299 1370 671 1401 Daß auch das Herz verblüht;
463 1163 658 1199 Herbſtgefühl.
247 1412 691 1443 Daß, wie der Jugend Ruf verhallt
317 868 648 899 Täglich neue Netze ſpannt,
316 912 689 943 Kreuze auch durch ihre Fäden
314 484 825 515 Hoffnung keimt, ein ſchwaches Hälmchen,
265 297 744 351 Hofnung ſchlummert tief im Herzen,
317 954 746 985 Täglich rauh des Schickſals Hand.
299 1497 764 1529 Die Bruſt, die einſt ſo heiß gewallt,
315 782 717 814 Gläubig trauernd himmelwärts:
483 235 629 271 Hoffnung.
314 570 730 600 Hoffnung leuchtet unter Thränen,
