1223 1750
449 595 793 624 Warum, wir wiſſens kaum,
376 1119 967 1149 Jn welchem Spiegel ſich ihr Bild mag malen.
448 509 885 539 Und findet Thränen nicht.
448 338 781 368 Das über Gräbern ſprießt.
375 1075 962 1106 Befruchtet, tränkt und reift in allen Sphären!
448 294 879 326 's iſt nur ein heuchleriſches Grun,
447 636 901 668 Wir fühlen nur, das Herz verblüht,
448 425 770 454 Der eitle Flimmer bricht;
823 1509 1054 1531 J. C. Erhr. von Jedlitz.
507 868 831 904 Ein Kern des Lichts.
396 550 863 581 Wir ſind ſo arm, wir ſind ſo müd',
374 1417 921 1449 Sie iſt der Born, der ew'ges Leben quillet,
374 1333 913 1363 Längſt waren ohne ſie zerſtäubt die Hallen
375 1161 903 1193 Mag ſie im Liede kühn die Flügel heben,
449 253 839 283 Sich Witz und Scherz ergießt.
375 1204 759 1235 Mag Herz zu Herz ſie ſtreben,
395 211 431 234 Ob
375 1460 932 1492 Vom Leben ſtammt, allein mit Leben füllet.
375 1246 1028 1278 Sie ſucht das Höchſte ſtets, wie ſie's erkennet! —
375 1032 958 1064 Begeiſt'rung iſt die Sonne, die das Leben
374 1289 953 1321 Längſt im Gemeinen wär' die Welt zerfallen,
844 729 1010 746 Emannel Geibel.
325 931 1008 978 Ein Kern des Lichts fließt aus in hundert Strahlen,
395 382 989 412 Die Nacht kommt, mit der Nacht der Schmerz,
450 210 840 240 von der Lippe dann auch kühn
376 990 900 1021 Die gottentflammte Abkunft zu bewähren,
374 1376 972 1405 Des Tempels, wo die Himmelsflamme brennet;
445 680 798 711 Und alles Glück iſt Traum.
583 144 754 166 — 12 —
447 466 899 497 Nach Thränen ſehnt ſich unſer Herz,
