1223 1750
355 670 737 700 Wie entfernt von träger Ruh,
282 1102 706 1133 Und, wie ſich dir in jedem Auge
353 586 677 615 Nicht an dir vorubergehn.
351 414 766 444 Und um Etwas fühlen Schmerz.
296 1059 723 1095 Der beider Bild vereinigt hält.
352 373 700 402 Etwas zu verlieren bangen,
350 713 739 743 Müſſe ſich mein Leben dehnen,
237 499 743 534 Mußt du an was immer ſehn,
265 1507 786 1537 Und ihn befunden einen klaren Bronnen,
468 868 638 904 Das Auge.
314 627 741 658 Gleich von unbegrenztem Sehnen,
335 1422 789 1452 eines Menſchen Seele du gewonnen,
706 1280 880 1301 Emil iltershaus.
214 1404 315 1447 an
352 329 717 359 Etwas hoffen muß das Herz,
333 1144 730 1176 Dein eignes Bild entgegenſtellt,
472 153 642 176 — 13 —
266 1465 790 1495 Und in ſein Herz haſt tief hineingeſchaut,
332 1187 734 1218 So ſieht auch jeder ſeine Seele,
331 1016 747 1048 Das Auge iſt der lichte Spiegel,
333 1230 798 1261 Sein eignes Jch nur in der Welt!
708 804 874 825 Kriedrich ichert.
298 912 780 962 Hie Wett iſt eine große Seele
313 457 688 487 Deine Luſt und deine Wonne
314 271 730 316 Enas wünſchen und verlangen,
264 1550 806 1580 Jn deſſen reiner Fluth der Himmel blaut:
332 973 751 1002 Und jede Seele eine Welt;
331 1360 783 1395 Der Glaube der Freundſchaft.
352 755 763 785 Wie ein Strom, dem Meere zu.
437 224 693 258 Etwas wünſchen.
352 542 781 573 Soll vergeblich Mond und Sonne
