1223 1750
396 733 810 764 Nach Einem Ziele fort und fort,
397 1092 858 1121 Wenn dir ein Pfand entriſſen ward,
554 627 753 664 Loſungswort.
310 380 793 410 Laß adlermuthig deine Liebe ſchweifen,
345 1049 883 1079 Wohl oft zerfloß dein Sinn in Wehmuth,
361 337 926 373 Kein größer Glück, als ein vertrauend Herz!
911 549 1022 569 Jeli Vahn.
363 465 1024 495 Kannſt du des Freundes Thun nicht mehr begreifen,
399 1491 888 1523 So hilf ein fremdes Leid verſchmerzen,
394 817 863 849 Durchglüh' ein mächtig Loſungswort;
346 674 814 721 ( iaß des Herzens Zug ſich richten
346 1406 782 1438 Viel tauſend andre Menſchenherzen
398 1305 914 1336 O deine Trauer laß ſich ſchlichten i
396 1135 830 1165 Das, hochbegnadet, du in Demuth
365 294 1040 325 Als daß du grundlos ihm entziehſt den Glauben —
398 1178 810 1208 Als heilig Erbtheil dir bewahrt:
566 144 736 166 — 14 —
398 1449 820 1480 Verzehren ſich in gleichem Gram:
397 1220 948 1251 Du darfſt nicht ſtreng die Menſchen richten,
398 989 910 1021 Ein Menſch, ein ganzer Menſch zu ſein.
398 1263 823 1294 Entſagen muß, wer hier gewinnt,
397 861 873 892 Es heißt dich, treu im Andern leben,
397 904 873 934 Es führt dich ſelbſt zum Frieden ein,
363 423 852 453 Bis dicht an die Unmöglichkeit hinan:
363 252 922 282 Und trage lieber der Enttäuſchung Schmerz,
398 1533 776 1562 Das einſt dich ſelber überkam.
395 946 860 976 Du mußt nur unabläſſig ſtreben —
397 1349 891 1379 Jm Quell, der mild vom Auge rinnt!
394 776 920 806 Und all dein Denken, Thun und Dichten
312 210 886 239 Laß deine Zuverſicht dann Nichts dir rauben.
364 507 983 538 So fängt der Freundſchaft frommer Glaube an."
