1223 1750
364 637 836 667 Dann knieſt du nieder an der Gruft,
813 1489 1027 1511 Ferdinand Kreiligrath.
417 1021 946 1052 Kommt nicht, daß du ihn froh umfängſt;
415 550 924 579 Die Stunde kommt, die Stunde kommt,
416 379 915 410 O Gott, es war nicht bös gemeint, —
366 978 793 1009 Er aber ſieht und hört dich nicht,
414 337 825 368 Bald iſt ein böſes Wort geſagt!
416 675 887 711 Und birgſt die Augen, trüb und naß
406 464 812 496 lieb', ſo lang' du lieben kannſt!
418 1408 925 1435 Die Stunde kommt, die Stunde kommt,
416 764 835 796 Jn's lange, feuchte Kirchhofsgras.
413 595 894 625 Wo du an Gräbern ſtehſt und klagſt!
407 1320 814 1352 lieb', ſo lang' du lieben kannſt!
418 1236 926 1266 Um dich und um dein herbes Wort —
417 1064 897 1094 Der Mund, der oft dich küßte, ſpricht
363 295 730 324 Und hüte deine Zunge wohl,
418 1106 853 1137 Nie wieder: ich vergab dir längſt!
568 142 739 165 — 16 —
419 1363 860 1395 O lieb', ſo lang' du lieben magſt!
367 1149 798 1180 Er that's, vergab dir lange ſchon,
417 935 873 966 O Gott, es war nicht bös gemeint!
418 1192 803 1223 Doch manche heiße Thräne fiel
366 807 865 839 Und ſprichſt: O ſchau' auf mich herab,
415 851 850 881 Der hier an deinem Grabe weint!
416 423 826 453 Der Andre aber geht und klagt.
417 250 869 281 Und mach' ihm keine Stunde trüb!
420 1450 902 1479 Wo du an Gräbern ſtehſt und klagſt!
416 892 858 924 Vergib, daß ich gekränkt dich hab'!
418 1279 909 1309 Doch ſtill — er ruht, er iſt am Ziel!
416 723 955 753 — Sie ſehn den Andern nimmermehr —
415 207 848 238 Und mach' ihm jede Stunde froh,
415 507 858 539 O lieb', ſo lang' du lieben magſt!
