1223 1750
330 640 760 670 Mit trautem Gruß an dich heran,
360 1506 778 1537 Dir auch ſingt man dort einmal.
692 931 877 949 Rabert Waldmuller
329 552 713 585 Vergeſſ'ne Laute dir in's Ohr.
332 384 777 415 Cs wird ſo ſanft, ſo hold, ſo hell!
729 1542 888 1563 Cudwig Uhland.
313 1023 648 1073 Proben ſehet die Kapelle.
333 341 873 373 So flüſternd rauſcht das Schilf im Winde.
771 1581 803 1599 2*
329 682 713 712 Und reden dich in ihrer Weiſe
332 469 813 500 Aus Nacht und Trümmerſchutt empor,
359 1420 746 1452 Die ſich freuten in dem Thal;
252 767 740 798 Die Rinde ſchmilzt, die du getragen.
281 597 684 625 Die lieben Todten kommen leiſe
360 1336 741 1366 Und der Knabe lauſcht empor.
362 1252 701 1282 Schauerlich der Leichenchor;
365 1081 739 1112 Schauet ſtill in's Thal hinab,
333 299 832 334 So heimlich plaudern Bach und Quell.
365 1123 827 1155 Drunten ſingt bei Wieſ' und Quelle
488 137 658 162 — 19 —
309 1378 738 1410 Droben bringt man ſie zu Grabe,
366 1164 750 1197 Froh und hell der Hirtenknab'.
474 986 666 1021 Die Kapelle.
312 1209 736 1240 Traurig tönt das Glöcklein nieder
329 810 795 840 Dein Herz wird wieder kleines Kind,
330 853 795 883 Und weiß doch ſelber nicht zu ſagen,
281 426 694 458 Verklungne Kinderträume tauchen
286 239 736 285 Ee wird ſo lau, es wid ſo linde,
360 1463 670 1493 Hirtenknabe, Hirtenknabe!
330 895 758 925 Warum ſo heiß die Thräne rinnt.
361 1294 724 1324 Stille ſind die frohen Lieder,
330 725 722 754 Mit ihren lieben Stimmen an.
425 201 721 233 Die lieben Todten.
331 512 820 542 Umgaukeln dein Gemüth, und hauchen
