1223 1750
322 783 713 812 Die am Abendhimmel leuchten.
326 1081 652 1111 des Lebens gute Stunden,
324 697 716 727 Wie viel Sterne ſie dir zeigen.
433 505 658 536 Gute Stunden.
322 1039 703 1069 Dieſe goldnen Strahlenfunken.
324 359 771 389 Daß er nicht endlich ſterben könnte.
322 825 768 855 Kannſt den ſichern Troſt du lernen,
323 612 733 641 Die des Lebens Nacht entſteigen,
723 1251 844 1269 Carl elter.
270 911 678 938 Jmmer, wenn die trüben wieder
271 740 692 769 Denn aus dieſen lichten Sternen,
358 1514 722 1544 Es liegt in dem alten Buche
305 1411 657 1462 ch hab' eine alte Muhme.
324 1125 766 1155 Reich, unzählig wie die Sterne —
324 316 814 347 Halt' aus: es iſt kein Menſch ſo arm.
326 1166 687 1197 Möchten Jedem ſie bekunden,
462 164 632 187 - 21 -
357 1556 658 1583 Ein altes, dürres Blatt.
324 1210 684 1240 Wie er bange tragen lerne.
322 996 727 1026 Blicken klar und mild ſie nieder
381 1366 702 1401 Das Blatt im Buche.
270 1082 306 1106 So
766 401 912 422 Aldert Traeger.
273 552 695 599 ähle nicht die bangen Stunden,
326 274 745 304 Die dir das Leben nie vergönnte,
323 953 690 984 Jn ihr Nichts zurückgeſunken,
357 1471 701 1500 Die ein altes Büchlein hat,
323 868 744 898 Daß nie Wolken ſie verſcheuchten.
274 232 837 262 Der Tod bringt Ruhe deinem Harm,
324 654 760 684 Zähle nur, wenn ſie entſchwunden,
