1223 1750
530 794 800 830 Seliger Ausgang.
458 1114 845 1144 Bis ſie in Liebe ſich verklären,
439 637 888 670 Geht auch dein Leiden nicht vorbei,
531 492 797 522 Von keinem Leid.
457 1065 896 1102 Das höchſte Glück, das tiefſte Leid,
476 371 864 401 Sie weint, ſo oft ſie's erblickt.
810 722 986 744 Moritz Harlmann.
389 537 840 583 zn keinem Leid, ſo ſchwer es ſei,
402 1563 917 1594 Noch eine Nacht, noch eine war gegeben!
403 1029 439 1053 So
440 682 834 712 So gehſt du doch vorüber.
402 1479 920 1510 Das Leben war dir gar zu hart geweſen.
403 1394 927 1425 Verjährtes Leid ließ nimmer dich geneſen:
460 1157 780 1187 Anbetend in Gottſeligkeit.
477 328 891 360 Was mag wohl die Alte haben?
554 1287 770 1317 Einer Todten.
575 178 746 201 — 22 —
403 1521 826 1552 ſaß bei dir in letzter Liebespflicht;
801 1197 943 1216 Julius slurnn.
458 1029 832 1065 einen ſich in ſtummen Zähren
353 1335 865 1384 Hu glaubteſt nicht an frohe Tage mehr.
456 901 914 931 Der tiefſte Schmerz hat keinen Laut,
455 944 883 974 Sie ſpiegeln beide ſtill ſich wieder
822 411 987 431 Anaſtaſins Grün.
474 285 1090 317 Die's einſt im Lenz ihr gepflückt. —
457 987 899 1016 Jm Tropfen, der vom Auge thaut.
402 1437 924 1467 Die Mutterfreude war für dich zu ſchwer,
404 843 858 892 Has höchſte Glück hat keine Lieder,
422 243 877 274 So dürr ſind wohl auch die Hände,
440 597 851 627 Laß ſtimmen deine Seele trüber.
