1223 1750
269 609 917 640 Dein Kind ſchrie auf, und dann warſt du hinüber.
367 1072 775 1101 Daß nicht einſt an ſeinem Grab
270 524 882 553 Dein Auge brach, die Welt ward immer trüber;
270 353 829 383 Wie ſie ſein Ohr in bangen Pauſen trafen:
366 1029 774 1060 Bis du ihm das Herz erweicheſt,
268 309 674 340 hörte ſtill die ſanften Worte an,
769 650 922 671 Theodor Jtorm.
269 438 944 469 Dann halbverſtändlich noch: ,,Nun will ich ſchlafen."
333 1543 860 1574 Es weint in Sehnſucht ſtill der Schmerz.
318 800 702 854 Haſt du Jemand weh gethan
269 565 795 596 Der Athem Gottes wehte durch's Gemach,
334 1457 790 1487 Die Stille nur aus Heil'gem quillt.
331 1373 764 1403 Die Stille iſt des Himmels Bild;
368 1114 736 1144 Zagend du vorüber ſchleicheſt.
271 267 898 298 ,Mein guter Mann, wie gerne wollt' ich leben!"
519 1260 610 1290 Stille.
219 310 249 334 Er
278 1501 883 1532 Still iſt die Einſamkeit, der Friede,
652 1155 933 1177 Clolilde von Schwarzkoppen.
318 986 725 1017 Geh' ihm nach und bitte ab —
279 1314 721 1362 Ae uebe ich die ſtllen Seelen!
366 858 807 889 Und du hörſt ein frommes Läuten,
366 899 667 931 Denke, o gedenke d'ran:
269 394 913 426 ,,Sorg' für das Kind — ich ſterbe, ſüßer Mann."
272 225 853 256 Auch die verrann, dann kam das Morgenlicht.
368 942 768 969 Seinen Tod könnt' es bedeuten.
333 1414 766 1446 Wie hohe Gaben ich mag wählen,
333 750 789 787 Haſt du Jemand weh gethan.
476 159 648 182 — 23 —
218 481 1057 511 Und dann nichts mehr; — du wurdeſt nimmer wach,
