1223 1750
385 735 819 764 Wenn er ihn erkennet und verſteht
384 1118 912 1148 Und der Andre wähnt, daß Alles ſcheine;
332 632 852 682 Auf des Lebens rauhem Gang begegnet
430 387 901 418 Still iſt der Traum mit ſeiner Liebe,
383 1076 840 1106 Einem Scheinbild huldiget der Cine.
429 344 922 374 Still iſt der Schlaf, des Todes Schein,
385 777 851 807 Und nicht blind an ihm vorübergeht.
830 471 960 491 Ditia Helena.
383 1500 1011 1532 Frag' nicht ſpöttiſch, was der Wahrheit Licht ſei!
385 862 931 892 Und verſäumt, kehrt es ſo ſchwer zurück —
384 691 824 721 Jeder einem Engel, der ihn ſegnet,
383 1417 846 1447 Doch der Freiheit gottbeſeelte Blüthe
383 1332 877 1362 Die ſie um die Seele ohne Schwingen,
382 1161 786 1191 Beide beten ihren trüben Wahn,
375 302 818 331 Still ſind Gedanken, Blumentriebe,
381 1204 792 1233 Beten gottlos nur ſich ſelber an,
574 149 741 172 — 24 —
381 1459 923 1489 Blüht nur aus der Wahrheit im Gemüthe.
385 1245 794 1276 Treiben mit der Lüg' Abgötterei.
383 1032 845 1063 Lächelnd dir zum erſten Mal genaht.
384 1289 824 1318 Und in Ketten nennen ſie ſich frei,
384 905 898 935 Niemals ganz, nie wieder voll und rein,
382 947 843 977 Niemals in ſo holdem Blüthenſchein,
430 430 846 461 Bewegt doch ſtill ein edles Sein.
428 259 877 290 Dringt es am tiefſten in das Herz.
382 1542 923 1573 Deine Frag' antwortet, was es nicht ſei!
383 990 825 1019 Wie es ungeſucht auf deinem Pfad
384 1373 843 1405 Um die eigennütz'ge Seele ſchlingen:
384 819 862 849 Solch' Crkennen iſt das höchſte Glück,
430 216 858 246 Und waltet ſtille Gluth im Liede,
417 575 895 612 Auf des Lebens rauhem Gang.
