1223 1750
293 647 800 677 Um der Menſchen Herzen zu umfrieden;
360 1117 790 1145 Greif dein Werk mit Freuden an;
293 561 778 591 Ueberall durch dieſe Welt voll Mängel
293 390 846 422 Was du ſiehſt und hörſt und mitempfindeſt,
776 902 935 922 Julins Hammer.
293 347 905 378 Stern und Blumen, Menſchenluſt und Noth —
292 690 728 720 Dir auch iſt der deinige beſchieden,
293 476 722 505 Alles iſt bereit, von irren Gleiſen
359 1499 758 1530 Und es ſteht dir Abends ehrlich
291 775 719 805 Dir das ſicherſte Geleit zu geben;
293 604 740 634 Sendet Wahrheit ihre guten Engel,
307 1415 629 1446 Müßigſtehen iſt gefährlich,
360 1330 784 1359 Säen mußt du, willſt du ernten;
359 1159 683 1189 Frühe ſäe deinen Samen!
294 304 820 334 Sturm und Stille, Früh⸗ und Abendroth,
359 1203 703 1233 Was gethan iſt, iſt gethan.
482 153 652 176 - 25 -
358 1455 717 1486 Heilſam unverdroſſ'ner Fleiß,
309 1243 787 1275 Sieh' nicht aus nach dem Entfernten;
311 1057 682 1104 Gehe hin in Gottes Namen,
360 1286 817 1317 Was dir nah' liegt, mußt du thun;
293 817 841 849 Wenn er naht — o weiſ' ihn nicht zurück,
291 861 868 891 Denn nur er bringt dir ein dauernd Glück!
294 432 761 462 Was du unterſcheideſt und verbindeſt,
294 261 813 292 Daß die rechte Antwort dir nicht fehle;
359 1543 792 1574 An der Stirn des Tages Schweiß.
399 1006 732 1037 Mit Gott an's Werk!
359 1370 788 1402 Nur die fleiß'ge Hand wird ruh'n.
293 732 909 763 Ernſt und mild auf deinem Gang durch's Leben
294 219 802 249 Frage wie ein Kind mit frommer Seele,
294 518 848 549 Auf die Bahn der Wahrheit dich zu weiſen.
