1223 1750
441 688 813 718 Das nehme wahr dein Wille,
436 1088 750 1117 Mit reinem Himmelslicht
445 603 684 632 ,,Erfülle allerwegen
774 379 947 400 C. J. ph. pitta.
441 1045 788 1074 Der Stern, der wunderhelle
441 340 795 369 Gottes Segen für dich nach.
440 731 766 761 Wie gleichen Pendelſchlag,
392 502 706 548 Ee iſt ein tiefer Segen.
434 1487 770 1518 Doch wahren und erhalten,
439 814 769 845 Die Ruh' dir ſtören mag.
443 645 761 675 Getreulich deine Pflicht!"
435 1403 792 1434 Du freuſt dich am Geſtalten
435 1317 877 1348 Doch muß, um feſt zu gründen,
438 1129 767 1160 Von ſeiner ew'gen Quelle
440 297 822 327 Folgt doch allen guten Thaten
436 1173 765 1203 Dir zum Gewiſſen ſpricht.
566 145 736 167 - 26 -
436 1446 865 1476 Und nennſt mit Stolz, was dein,
384 1232 788 1262 Das Glück mag bilden, ründen,
439 1003 786 1033 So fehlt dein guter Stern:
440 1275 827 1305 Erhohn und Schmuck verleihn,
389 873 783 905 Welch' Ziel du magſt erſtreben,
439 916 885 947 Sei's nah, ſei's hoch und fern, —
465 451 832 487 Es iſt ein tiefer Segen.
442 255 771 284 Oder was mißlingen mag,
437 1528 791 1558 Das kann die Pflicht allein.
438 960 881 990 Weiht nicht die Pflicht dein Leben,
434 1360 765 1390 Die Pflicht geſchäftig ſein.
439 773 833 804 Der nur erſt, ſchweigt er ſtille,
390 212 836 244 Weißt du auch nicht, was gerathen.
439 560 844 588 Der aus dem Wort dir ſpricht:
