1223 1750
381 641 689 671 Alle Tiefen du entſiegelt
744 1490 915 1511 Friedrich Rückert.
378 1024 799 1055 Zimmre, glätte, hau' und meißle,
382 556 712 586 Wohnerin im Sternenzelt!
377 385 781 416 Lehrteſt mich die Räthſel deuten,
324 981 770 1012 Stürme, rauſche, lispl' und ſäusle!
377 343 764 372 Ließeſt mich die Welt erbeuten,
379 683 742 713 Und durchwandelt alle Welt.
325 470 705 500 Spenderin aus reichem Horne,
381 1407 740 1439 Keiner wird gering geſchätzet,
376 770 742 799 Biſt du brauſend hingezogen,
382 598 737 628 Alle Höhn haſt du erflügelt,
377 1323 712 1353 Einzugreifen in die Reihn.
325 1236 756 1268 Mach' uns ſtark an Geiſteshänden,
381 1067 761 1104 Schaffe fort mit Schöpfergeiſt!
378 300 717 329 Gabeſt du mich ſelber mir,
375 1110 852 1140 Dir läßt gern der Stoff ſich zwingen,
481 147 651 171 — 29 —
377 1366 705 1396 Viel Geſellen ſind geſetzet.
381 1153 794 1183 Und dir muß der Bau gelingen,
375 940 786 970 Und noch biſt du, die du warſt.
376 1196 763 1226 Den kein Zeitſtrom niederreißt.
374 812 724 843 Bis der letzte Wipfel barſt;
377 853 808 885 Durch der Fürſtenſchlöſſer Prangen
377 428 780 458 Und mich ſpielen ſelbſt mit dir.
376 257 793 286 Noch nicht wußte, daß ich dachte,
376 1450 930 1480 Und wer kann, ſoll Meiſter ſein.
375 897 753 927 Biſt du klingend hergegangen.
376 1281 810 1311 Daß wir ſie zum Rechten wenden,
324 726 708 756 Durch der Eichenwälder Bogen
325 214 743 244 Da ich aus dem Schlaf erwachte,
382 512 761 543 Schöpferin aus vollem Borne,
