1223 1750
446 650 815 678 Fremde Worte brauchen muß,
444 1500 886 1530 Sprech' ich wie der Mutter Mund.
392 1032 756 1062 Klinge, klinge fort und fort!
447 565 822 594 Wenn ich in der Fremde bin.
447 394 762 424 Süßes, erſtes Liebeswort,
578 1543 1040 1571 — - Mar van Schenkendarf.
445 989 818 1020 Väter aus des Grabes Nacht.
449 351 845 381 Erſtes Wort, das mir erſchallet.
446 693 864 722 Die ich nimmermehr kann lieben,
446 479 779 509 Klingeſt ewig in mir fort.
445 1416 786 1447 Geb' ich meine Liebe kund,
395 777 774 807 Sprache ſchön und wunderbar,
446 607 851 637 Wann ich fremde Zungen üben,
442 1331 846 1362 Heilig iſt wohl mancher Brauch.
443 1246 796 1276 Daß dir jedes Herz erglüht.
443 1075 760 1104 Heldenſprache, Liebeswort,
448 309 808 336 Wie ſo wonneſam, ſo traut!
445 1115 865 1147 Steig empor aus tiefen Grüften,
569 140 741 162 — 30 —
446 1374 790 1404 Aber ſoll ich beten, danken,
445 1158 825 1190 Längſt verſcholl'nes altes Lied!
445 948 877 977 Jſt mirs doch, als ob mich riefen
444 1201 1055 1234 Leb' auf's Neu' in heil'gen Schriften,
446 821 805 851 Ach wie klingeſt du ſo klar!
446 863 826 893 Will noch tiefer mich vertiefen
451 436 801 467 Erſter Ton, den ich gelallet,
397 248 753 299 Mlterſprache, Mutterlaut!
443 1459 765 1490 Meine ſeligſten Gedanken,
445 906 875 935 Jn den Reichthum, in die Pracht,
392 1288 752 1319 Ueberall weht Gottes Hauch,
446 733 920 765 Die nicht klingen als ein Gruß!
545 204 762 239 Mutterſprache.
395 520 815 552 Ach, wie trüb' iſt meinem Sinn,
